2037 3442
741 252 882 286 Llssz‘R
914 253 1135 297 QUINTUS.
1564 254 1632 289 291

241 330 449 391 gundia·‚
487 333 557 376 sui
591 331 807 377 desiderii
843 333 1061 395 potiundi
1106 349 1245 379 causa
1290 344 1335 379 et
1372 333 1431 379 ad
1470 350 1640 397 pravos

241 422 350 450 suos
374 406 678 468 perveniendi
704 407 818 452 fines
834 446 844 466 ⁷
872 407 1028 453 fovere
1052 418 1096 453 et
1115 408 1286 471 jugiter
1310 410 1488 454 nutrire
1519 419 1639 455 sata-

241 482 437 543 gebant,
481 492 701 545 tanquam
742 494 995 544 suspectse‚
1036 494 1199 547 spretae
1235 485 1419 530 suerunt
1451 495 1490 529 ct
1527 503 1633 530 con·

243 568 427 621 tempta:
453 577 461 603 :
490 559 846 620 suggerentibus
879 561 987 622 ipsis
1018 562 1122 607 ficte
1155 573 1199 608 et
1231 563 1460 608 malitiose
1483 565 1641 608 omnia

241 635 341 680 liaee
369 653 449 698 per
472 636 640 681 ducem
665 636 1050 697 Burgundionum
1074 638 1303 695 simulari,
1327 641 1642 702 praesumique

241 713 397 775 potius
415 712 586 758 debere
602 750 612 770 ‚
636 713 722 758 sub
736 712 1063 773 hujuscemodi
1082 713 1237 758 verbis
1255 714 1398 758 veluti
1418 716 1639 776 pacificis,

242 789 288 833 in
315 788 427 833 dolo
461 790 715 834 exercitum
751 804 974 849 magnum
1006 789 1122 834 velle
1156 789 1372 851 colligere
1407 800 1453 835 et
1486 808 1642 853 regem

241 865 554 910 cieumvenire
574 901 584 921 ‚
621 874 670 909 ut
706 864 1014 926 improvisum
1049 881 1155 909 eum
1181 875 1225 910 et
1248 866 1532 928 imparatum
1563 883 1644 928 ag-

243 941 370 1001 gredi
406 950 589 1003 posset,
617 957 760 1003 quam
786 940 916 1002 quod
943 940 1018 985 illa
1046 958 1148 1003 quae
1167 942 1373 1003 jactabat
1406 943 1463 989 de
1497 961 1643 1008 expu-

243 1018 461 1079 gnatione
483 1020 739 1062 Turcarum
762 1016 899 1062 vellet
923 1016 1148 1079 perficere
1170 1019 1243 1064 vel
1267 1029 1512 1066 attentare,

308 1093 557 1156 Repulsam
586 1094 740 1156 itaque
764 1105 1044 1140 consecutus
1062 1131 1072 1151 ‚
1113 1112 1221 1139 cum
1255 1095 1385 1140 nullo
1411 1107 1549 1159 pacto
1574 1115 1645 1143 se-

242 1171 424 1216 curitati
444 1181 671 1215 terrarum
690 1187 880 1216 suarum
893 1171 1156 1233 pervideret
1171 1188 1217 1217 se
1228 1189 1366 1234 posse
1380 1175 1641 1233 consulere,

241 1247 277 1291 si
302 1254 396 1291 tam
422 1246 619 1292 arduam
637 1283 646 1299 ,
680 1257 774 1292 tam
798 1247 988 1308 longam
1011 1257 1150 1311 atque
1174 1248 1410 1295 difficilem
1439 1252 1646 1313 peregri-

240 1325 483 1370 nationem
512 1324 690 1383 obiret,
726 1325 1064 1388 quiescendum
1092 1327 1249 1389 potius
1278 1336 1323 1372 et
1357 1327 1416 1372 ad
1445 1328 1645 1375 tuendos

240 1401 311 1445 sui
340 1401 525 1463 imperii
548 1400 760 1446 subditos
785 1410 923 1463 atque
949 1401 1066 1446 fines
1090 1402 1431 1464 invigilandum
1458 1405 1646 1449 consul<-

241 1477 331 1522 tius
355 1476 501 1522 duxit.
536 1480 629 1522 Nec
661 1487 816 1522 tamen
841 1487 1004 1540 postea
1042 1478 1226 1534 omisit,
1257 1494 1366 1523 cum
1403 1479 1545 1524 felicis
1575 1497 1645 1524 re-

240 1553 528 1598 cordationis
568 1569 690 1616 papa
725 1554 856 1598 Pius1
886 1554 1122 1617 principes
1151 1554 1430 1600 christianos
1469 1555 1528 1600 ad
1557 1555 1643 1600 hu-

234 1629 444 1692 jusmodi
463 1629 724 1675 infidelium
741 1630 1137 1692 expugnationem
1159 1631 1435 1676 cohortatus
1458 1632 1641 1682 fuisset.

240 1722 382 1768 seque
395 1715 687 1769 praesentem,
707 1722 815 1750 cum
832 1705 1001 1767 quibus
1012 1707 1292 1769 quantisque
1307 1718 1463 1770 posset
1475 1710 1640 1772 copiis,

241 1783 511 1828 adfuturum
527 1782 785 1840 obtulisset⁷
810 1791 855 1828 et
870 1793 1139 1846 comparata
1158 1784 1302 1829 classe
1319 1785 1644 1848 adjunctisque

242 1860 465 1905 militibus
488 1861 628 1905 etiam
653 1876 802 1921 usque
828 1863 1071 1908 Anconam
1095 1879 1147 1907 ex
1178 1862 1300 1908 Urbe
1316 1864 1518 1910 venisset
1542 1865 1641 1926 (ubi

242 1947 393 1982 morte
427 1948 684 2000 praereptus
712 1937 842 1999 esff),
880 1938 1019 2000 quin,
1057 1938 1116 1984 ad
1148 1938 1422 2000 hujusmodi
1453 1942 1642 2004 expedi-

244 2013 420 2058 tionem
446 2023 490 2057 et
515 2012 623 2058 fidei
649 2023 693 2058 et
715 2013 932 2058 Ecclesiae
952 2014 1037 2059 Dei
1058 2014 1339 2072 subsidium,
1362 2033 1580 2078 magnam
1598 2029 1641 2063 et

242 2090 445 2136 validam
487 2099 713 2135 armatam
756 2091 1090 2137 transmitteret
1135 2109 1244 2137 eum
1281 2093 1427 2139 classe
1464 2096 1642 2157 optime

241 2166 441 2211 navibus
475 2175 521 2211 et
554 2167 693 2211 armis
729 2167 968 2213 instructa.
1012 2168 1154 2229 Cujus
1186 2169 1409 2215 ducatum
1445 2171 1642 2217 domino

242 2243 464 2300 Antonio,
488 2243 688 2288 naturali
707 2260 792 2289 suo
817 2243 952 2301 fili0³‚
971 2244 1152 2291 famoso
1170 2256 1214 2291 et
1233 2256 1423 2291 strenuo
1441 2248 1642 2294 militum

241 2319 350 2365 duci
376 2330 421 2365 et
443 2320 707 2383 capitatum,
726 2321 1040 2366 commiserat.
1060 2324 1289 2369 Antonius
1314 2334 1489 2384 autem,
1513 2326 1644 2372 intel-

240 2395 361 2442 lecta
388 2395 625 2442 Pontifieis
647 2406 825 2455 morte,
851 2407 895 2442 et
921 2397 1051 2459 quod
1077 2399 1244 2446 adorsa
1271 2410 1316 2446 et
1339 2411 1485 2465 caepta
1508 2419 1644 2467 expe-

293 2543 309 2576 1
323 2570 330 2577 .
362 2540 427 2577 Pie
447 2543 495 2579 ΙΙ.

293 2601 331 2635 2.
363 2602 416 2636 Le
436 2602 485 2637 15
506 2600 734 2637 aofit1464.

295 2660 330 2694 3.
364 2659 547 2705 Antoine,
576 2659 712 2709 appele
741 2658 1039 2697 ordinairement
1063 2659 1098 2697 le
1131 2659 1425 2698 Grand-Batard
1455 2661 1503 2699 de
1528 2665 1647 2699 Bour-

240 2729 375 2768 gogne.
