2037 3442
405 362 453 396 90
782 358 1083 395 HISTORIARU
1085 359 1122 394 M
1151 358 1330 395 CAROLI
1358 362 1425 396 VII

833 560 1170 604 CAPITULUM
1205 561 1366 605 XVIII.

472 692 630 734 Qualiter
648 692 822 727 Henricus
836 693 972 740 juvenis
991 721 999 736 ‚
1017 695 1213 740 Anglorum
1231 707 1311 738 rex,
1330 694 1396 729 fuit
1416 694 1554 729 Parisiis
1572 694 1607 729 in
1624 708 1741 743 regem

889 753 1108 786 Francorum
1126 762 1327 788 coronatus.

470 853 784 900 Postmodum
808 869 946 911 vero,
976 870 1085 898 cuin
1111 853 1288 915 Anglici
1312 853 1634 900 desiderarent
1654 871 1810 917 regem

405 949 546 979 suum
571 932 828 977 Heni-icum
849 932 1071 993 juvenem
1088 968 1099 990 ‚
1119 933 1217 994 qui,
1245 941 1295 976 ut
1315 931 1532 989 diximus,
1560 931 1811 978 Rothoma-

406 1025 516 1072 gum
540 1025 595 1054 ex
623 1007 782 1069 Anglia
806 1006 957 1052 fuerat
982 1006 1231 1067 adductus⁷
1258 1008 1305 1052 in
1330 1011 1622 1053 Francorum
1655 1024 1811 1069 regem

409 1087 559 1132 facere
598 1085 844 1143 coronari,
893 1102 946 1130 ex
983 1084 1278 1148 Rothomago
1314 1102 1424 1131 eum
1464 1085 1664 1131 Parisios
1705 1102 1811 1131 cum

405 1181 577 1228 magno
606 1165 835 1210 comitatu
858 1163 1116 1210 adventare
1148 1164 1385 1222 fecerunt3
1414 1163 1495 1209 ubi
1527 1181 1636 1209 cum
1666 1164 1811 1209 multa

405 1243 700 1289 solemnitate
737 1252 782 1287 et
812 1257 991 1305 pompa
1026 1242 1197 1286 exstitit
1235 1251 1489 1287 coronatus
1511 1243 1545 1301 ¹,
1585 1242 1667 1288 sed
1714 1258 1810 1286 non

404 1320 548 1382 longo
568 1329 676 1383 post
700 1329 939 1382 tempore,
965 1318 1082 1365 urbe
1110 1319 1207 1382 ipsa
1234 1320 1359 1381 regia
1382 1336 1624 1382 regnoque
1647 1329 1812 1365 exutus

405 1413 459 1443 ac
486 1397 729 1461 spoliatus,
762 1396 1171 1459 quemadmodum
1201 1414 1286 1443 suo
1318 1397 1485 1443 ordine
1510 1407 1673 1461 postea
1698 1397 1813 1443 refe-

405 1491 582 1521 remus.

867 1615 1201 1660 CAPITULUM
1236 1616 1354 1658 XIX.

406 1749 541 1782 Bellum
557 1749 593 1782 in
611 1749 833 1795 Lotharingia
849 1749 938 1784 inter
957 1751 1130 1784 Renatum
1147 1778 1155 1794 ,
1177 1750 1303 1784 ducem
1324 1749 1558 1796 Lotharingiae
1573 1777 1582 1793 ‚
1600 1759 1633 1784 et
1650 1752 1812 1786 comitem

946 1810 1265 1844 Vallis-Montium.

472 1912 574 1957 Fuit
598 1911 764 1957 iisdem
790 1912 1083 1976 temporibus
1109 1913 1156 1957 in
1181 1911 1481 1974 Lotharingia
1506 1911 1682 1957 bellum
1706 1913 1813 1958 satis

408 1987 632 2034 acerbum
660 1989 779 2034 inter
803 2005 961 2050 regem
979 1988 1166 2047 Siciliae,
1189 1990 1434 2048 Renatum,
1463 1987 1635 2033 ducem
1661 1988 1815 2033 Ande-

408 2066 550 2127 gaviae
586 2076 630 2111 et
666 2069 966 2124 Barrensem,
1009 2076 1053 2112 et
1087 2066 1311 2111 comitem
1347 2065 1405 2110 de
1442 2064 1648 2110 Vallibus
1685 2067 1814 2110 Mon-

408 2143 526 2188 tium
545 2181 555 2199 ,
579 2143 829 2205 vulgariter
858 2143 1038 2188 dictum
1063 2142 1117 2188 cle
1145 2142 1497 2200 laudet-*motam
1525 2158 1612 2205 pro
1641 2141 1812 2188 ducatu

408 2220 732 2283 Lolliaringiae‚
761 2238 901 2284 quem
934 2221 994 2267 ad
1022 2237 1069 2266 se
1093 2221 1418 2282 unusquisque
1441 2220 1675 2284 pertinere
1700 2237 1814 2266 con-

408 2297 655 2344 tendebat²
673 2317 682 2344 ε
712 2299 961 2345 occasione
982 2298 1114 2360 cujus
1134 2298 1469 2356 contentionis,
1496 2297 1554 2344 ad
1573 2307 1814 2344 cruentam

407 2376 515 2421 satis
535 2385 818 2439 perventum
838 2376 1009 2422 exstitit
1031 2392 1256 2438 pugnam.
1282 2374 1494 2420 Habebat
1517 2392 1675 2420 comes
1696 2374 1817 2421 auxi-

408 2452 468 2498 lia
494 2453 909 2517 Burgundionum7
944 2469 1149 2517 quorum
1179 2453 1410 2498 exercitus
1432 2468 1530 2498 non
1556 2452 1677 2498 ultra
1701 2468 1814 2515 qua-

463 2603 479 2636 1
493 2630 500 2637 .
533 2604 565 2637 A
584 2605 857 2651 Notre-Dame‚
878 2604 914 2641 le
932 2606 980 2641 46
1002 2603 1202 2641 decembre
1223 2605 1339 2641 1431.

464 2660 502 2696 ἓ.
534 2662 696 2698 Antoine
708 2662 753 2698 de
773 2663 969 2709 Lon-aine,
992 2672 1114 2700 comte
1128 2663 1175 2700 de
1191 2662 1446 2709 Vaudemont‚
1462 2660 1676 2713 pretendait
1694 2673 1767 2711 que
1781 2660 1815 2696 la

410 2720 592 2758 Lorraine
612 2723 741 2758 n⁷‹[=tait
760 2737 825 2773 pas
853 2738 903 2761 un
936 2726 1003 2762 fies
1026 2726 1182 2762 feminin
1206 2734 1242 2762 et
1267 2738 1343 2774 que
1365 2738 1433 2774 par
1451 2725 1685 2774 consequent
1711 2721 1814 2760 Rene

412 2779 575 2826 d’Anjou
595 2781 738 2816 n'avait
751 2794 801 2830 pu
822 2796 845 2830 y
868 2782 1025 2819 acceder
1047 2797 1116 2832 par
1129 2797 1195 2821 son
1216 2784 1383 2832 mariage
1404 2796 1495 2819 avec
1513 2784 1548 2819 la
1568 2783 1642 2819 fille
1660 2781 1710 2818 du
1729 2781 1814 2817 der-

411 2839 494 2876 nier
513 2839 586 2875 duc
607 2838 751 2875 desunt.
