2142 3473
518 349 566 383 28
899 349 1239 386 HISTORIARUM
1268 350 1448 388 CAROLI
1475 353 1544 388 VII

518 430 756 488 sisterent,
795 430 872 474 tali
914 430 1034 475 inter
1071 447 1119 475 se
1153 430 1292 490 ludo,
1331 431 1586 493 Anglorum
1625 437 1919 499 prosperitati

517 504 694 567 optime
730 505 916 568 utrique
952 505 1239 566 serviebant,
1274 518 1322 553 ut
1355 525 1452 553 non
1484 510 1548 555 eis
1581 511 1768 557 difficile
1805 512 1922 557 foret

517 580 725 626 civitates
768 591 813 627 et
855 582 1029 646 oppida
1073 585 1395 644 Normanniae,
1433 586 1604 633 nullius
1638 588 1795 634 auxilii
1840 605 1918 634 seu

517 656 669 703 solatii
706 659 1030 721 consequendi
1059 676 1190 724 spem
1223 660 1475 720 habentes,
1508 663 1581 709 vel
1614 665 1658 710 vi
1699 675 1744 711 et
1781 666 1921 711 armis

518 749 814 797 expugnare,
840 734 912 780 vel
931 735 978 780 in
1003 735 1296 783 deditionem
1319 739 1545 802 recipere.

973 931 1316 977 CAPITULUM
1352 934 1451 976 XII.

519 1049 697 1094 Ingressus
723 1051 1016 1098 Burgundionum
1042 1053 1141 1087 ducis
1166 1054 1202 1087 in
1229 1054 1353 1087 urbem
1378 1053 1607 1088 Parisiensem
1622 1081 1630 1096 ‚
1655 1062 1687 1087 et
1713 1065 1788 1099 quae
1815 1053 1925 1088 caedes

600 1106 605 1116 ‘
860 1122 893 1147 et
909 1113 1128 1148 crudelitates
1142 1114 1213 1149 illic
1231 1113 1380 1148 subinde
1398 1122 1482 1148 actae
1498 1113 1579 1148 sint.

584 1226 675 1272 Sed
710 1237 754 1273 et
788 1244 915 1275 anno
945 1229 1339 1294 [M.cecc.]xvm.,
1366 1230 1552 1276 vivente
1575 1228 1732 1276 adhuc
1754 1227 1922 1274 Carolo

519 1317 626 1363 rege
658 1306 737 1362 Vl,
764 1305 919 1350 Caroli
942 1308 1023 1351 VII
1047 1317 1201 1370 patre,
1226 1307 1357 1369 cujus
1383 1316 1510 1369 gesta
1532 1305 1771 1351 memoriae
1791 1321 1923 1350 man-

519 1378 676 1425 danda
692 1383 1005 1445 suscepimus,
1023 1385 1105 1446 qui
1121 1384 1316 1430 Carolus
1332 1387 1371 1430 V
1376 1387 1391 1431 l
1405 1423 1415 1442 ,
1437 1395 1487 1430 ut
1504 1400 1645 1447 supra
1660 1383 1919 1442 retulimus,

518 1455 659 1518 longa
672 1457 772 1520 jam
795 1458 1041 1507 dementiae
1060 1463 1336 1525 {egritudine
1366 1463 1687 1521 laboraverat,
1711 1465 1924 1524 Burgun-

519 1532 686 1580 diones
714 1536 822 1581 satis
850 1538 1017 1600 exiguo
1047 1556 1272 1598 numero,
1292 1541 1420 1602 vulgi
1447 1540 1669 1598 factione,
1695 1539 1926 1584 Parisien-

520 1610 641 1655 sium
655 1612 824 1657 urbem
841 1613 1052 1675 ingressi,
1073 1615 1190 1662 urbe
1214 1617 1350 1680 potiti
1373 1626 1499 1676 sunt,
1514 1626 1560 1662 et
1576 1617 1624 1661 in
1643 1632 1698 1661 ea
1711 1615 1927 1662 domina-

519 1687 698 1733 tionem
720 1689 1008 1752 habuerunt,
1027 1693 1197 1739 eodem
1223 1704 1323 1740 tum
1345 1694 1516 1740 Carolo
1534 1695 1593 1739 Vl
1607 1729 1618 1751 ,
1637 1693 1773 1738 titulo
1793 1701 1927 1737 tenus

520 1763 776 1825 dumtaxat,
794 1767 1046 1831 imperium
1069 1771 1317 1816 retinente.
1338 1772 1442 1816 Fuit
1458 1781 1614 1816 autem
1634 1768 1927 1831 Burgundio-

520 1858 639 1887 num
678 1844 971 1907 capitaneus,
1005 1847 1086 1909 qui
1117 1847 1210 1892 illic
1247 1865 1355 1893 cum
1391 1848 1485 1892 suis
1521 1846 1744 1892 militibus
1778 1845 1928 1909 plebis

521 1919 682 1965 favore
704 1921 1000 1968 intromissus
1023 1933 1112 1982 est,
1131 1924 1355 1969 dominus
1373 1924 1431 1969 de
1451 1923 1607 1969 Insula
1629 1922 1771 1982 Adae1,
1795 1922 1927 1968 miles

520 2004 736 2043 strenuus
759 2008 899 2061 atque
921 2001 1193 2046 acerrimus.
1221 2004 1338 2046 Cum
1364 2011 1521 2046 autem
1544 1999 1806 2045 Armeniaci
1829 2015 1928 2044 ma-

522 2088 615 2134 gno
653 2090 852 2120 numero
888 2085 1001 2121 tunc
1030 2076 1077 2121 in
1111 2092 1164 2122 ea
1197 2076 1314 2122 urbe
1344 2086 1523 2134 essent,
1549 2091 1649 2121 sese
1680 2075 1727 2119 in
1759 2090 1927 2136 agmen

522 2167 671 2196 unum
693 2162 933 2214 cogenteS‚
962 2164 1005 2199 et
1025 2154 1084 2199 de
1109 2154 1289 2201 Bastilia
1312 2171 1390 2200 seu
1418 2164 1570 2200 castro
1595 2152 1691 2198 divi
1712 2152 1924 2209 Antonii,

523 2240 568 2276 et
591 2231 757 2293 plateis
777 2233 941 2278 vicinis
963 2243 1103 2296 atque
1121 2233 1322 2290 aedibus,
1350 2243 1668 2298 erumpentes,
1689 2242 1930 2279 tentarunt

523 2308 665 2353 armis
701 2309 1060 2372 Burgundiones
1094 2311 1319 2374 repellere
1343 2320 1484 2374 atque
1507 2311 1636 2357 urbis
1662 2310 1928 2356 dominium

523 2385 860 2433 1·etinere.*Sed
883 2387 1010 2433 urbis
1030 2389 1232 2452 populus
1261 2398 1391 2435 tanto
1418 2399 1531 2434 tunc
1550 2389 1597 2434 in
1625 2388 1927 2434 Armeniaco-

523 2477 630 2506 rum
662 2479 838 2509 nomen
873 2480 927 2510 ac
962 2474 1147 2526 gentem
1185 2465 1510 2512 inardescebat
1533 2465 1672 2524 odio,
1701 2474 1747 2511 et
1769 2465 1856 2528 ipsi
1879 2466 1925 2510 in

525 2549 622 2585 tam
640 2558 894 2588 numerosa
921 2543 1223 2590 multitudine
1246 2561 1300 2590 ex
1326 2544 1548 2590 omnibus
1567 2543 1764 2589 civitatis
1786 2543 1927 2605 parti-

525 2615 613 2661 bus
629 2652 640 2674 ,
667 2634 761 2663 una
792 2635 902 2664 curn
925 2620 1367 2682 Burgundionibus,
1394 2621 1441 2665 in
1468 2619 1758 2667 adversarios
1781 2619 1926 2663 irrue-

526 2702 652 2752 runt,
669 2694 800 2756 quod
824 2711 904 2741 eos
928 2697 1099 2759 partim
1123 2713 1287 2755 caesos,
1308 2697 1478 2760 partim
1504 2697 1702 2758 fugatos,
1726 2703 1770 2740 et
1790 2693 1923 2746 urbe,

582 2837 618 2871 1.
649 2836 701 2872 Le
721 2834 897 2886 seigneur
910 2835 957 2873 de
972 2835 1216 2883 vlle-Adam,
1231 2838 1325 2874 Jean
1344 2836 1390 2874 de
1409 2836 1570 2874 Villiers.
