<?xml version="1.0" encoding="UTF-8"?>
<!DOCTYPE html PUBLIC "-//W3C//DTD XHTML 1.0 Transitional//EN"
    "http://www.w3.org/TR/xhtml1/DTD/xhtml1-transitional.dtd">
<html xmlns="http://www.w3.org/1999/xhtml" xml:lang="en" lang="en">
 <head>
  <title>
</title>
<meta http-equiv="Content-Type" content="text/html;charset=utf-8" />
  <meta name='ocr-system' content='tesseract 3.04.00' />
  <meta name='ocr-capabilities' content='ocr_page ocr_carea ocr_par ocr_line ocrx_word'/>
</head>
<body>
  <div class='ocr_page' id='page_1' title='image "./histoiredesrgn01basi_0191.png"; bbox 0 0 2142 3473; ppageno 0'>
   <div class='ocr_carea' id='block_1_1' title="bbox 769 288 1655 326">
    <p class='ocr_par' dir='ltr' id='par_1_1' title="bbox 769 288 1655 326">
     <span class='ocr_line' id='line_1_1' title="bbox 769 288 1655 326; baseline 0 -1"><span class='ocrx_word' id='word_1_1' title='bbox 769 289 910 325; x_wconf 85' lang='lat' dir='ltr'>LIBER</span> <span class='ocrx_word' id='word_1_2' title='bbox 937 288 1135 326; x_wconf 86' lang='lat' dir='ltr'><strong>PRIMUS.</strong></span> <span class='ocrx_word' id='word_1_3' title='bbox 1606 288 1655 325; x_wconf 78' lang='lat'><strong>{9</strong></span> 
     </span>
    </p>
   </div>
   <div class='ocr_carea' id='block_1_2' title="bbox 191 368 1655 1048">
    <p class='ocr_par' dir='ltr' id='par_1_2' title="bbox 191 368 1655 1048">
     <span class='ocr_line' id='line_1_2' title="bbox 253 368 1655 434; baseline 0.001 -20"><span class='ocrx_word' id='word_1_4' title='bbox 253 369 334 431; x_wconf 90' lang='lat' dir='ltr'><strong>qui</strong></span> <span class='ocrx_word' id='word_1_5' title='bbox 356 370 480 414; x_wconf 89' lang='lat' dir='ltr'><strong>intus</strong></span> <span class='ocrx_word' id='word_1_6' title='bbox 508 378 658 427; x_wconf 88' lang='lat' dir='ltr'><strong>erant,</strong></span> <span class='ocrx_word' id='word_1_7' title='bbox 687 371 850 434; x_wconf 91' lang='lat' dir='ltr'><strong>pressi,</strong></span> <span class='ocrx_word' id='word_1_8' title='bbox 879 371 1091 417; x_wconf 88' lang='lat' dir='ltr'><strong>simulac</strong></span> <span class='ocrx_word' id='word_1_9' title='bbox 1114 368 1174 416; x_wconf 91' lang='lat' dir='ltr'><strong>de</strong></span> <span class='ocrx_word' id='word_1_10' title='bbox 1204 384 1428 415; x_wconf 84' lang='lat' dir='ltr'><strong>succursu</strong></span> <span class='ocrx_word' id='word_1_11' title='bbox 1451 372 1655 416; x_wconf 86' lang='lat' dir='ltr'><strong>Franco-</strong></span> 
     </span>
     <span class='ocr_line' id='line_1_3' title="bbox 252 445 1655 506; baseline 0.002 -16"><span class='ocrx_word' id='word_1_12' title='bbox 252 462 358 491; x_wconf 85' lang='lat' dir='ltr'><strong>rum</strong></span> <span class='ocrx_word' id='word_1_13' title='bbox 382 445 672 506; x_wconf 84' lang='lat' dir='ltr'><strong>diffidentes,</strong></span> <span class='ocrx_word' id='word_1_14' title='bbox 712 446 1004 494; x_wconf 89' lang='lat' dir='ltr'><strong>deditionem</strong></span> <span class='ocrx_word' id='word_1_15' title='bbox 1033 447 1268 504; x_wconf 88' lang='lat' dir='ltr'><strong>facerent,</strong></span> <span class='ocrx_word' id='word_1_16' title='bbox 1301 462 1400 491; x_wconf 92' lang='lat' dir='ltr'><strong>non</strong></span> <span class='ocrx_word' id='word_1_17' title='bbox 1429 462 1540 506; x_wconf 89' lang='lat' dir='ltr'><strong>suo,</strong></span> <span class='ocrx_word' id='word_1_18' title='bbox 1572 446 1655 493; x_wconf 90' lang='lat' dir='ltr'><strong>sed</strong></span> 
     </span>
     <span class='ocr_line' id='line_1_4' title="bbox 191 523 1655 589; baseline 0.001 -21"><span class='ocrx_word' id='word_1_19' title='bbox 191 576 193 579; x_wconf 86' lang='lat'>.</span> <span class='ocrx_word' id='word_1_20' title='bbox 254 523 440 570; x_wconf 89' lang='lat' dir='ltr'><strong>victoris</strong></span> <span class='ocrx_word' id='word_1_21' title='bbox 474 524 667 570; x_wconf 90' lang='lat' dir='ltr'><strong>arbitrio</strong></span> <span class='ocrx_word' id='word_1_22' title='bbox 707 541 761 571; x_wconf 86' lang='lat' dir='ltr'><strong>ac</strong></span> <span class='ocrx_word' id='word_1_23' title='bbox 801 525 996 589; x_wconf 86' lang='lat' dir='ltr'><strong>legibus.</strong></span> <span class='ocrx_word' id='word_1_24' title='bbox 1032 528 1089 570; x_wconf 91' lang='lat' dir='ltr'><strong>Et</strong></span> <span class='ocrx_word' id='word_1_25' title='bbox 1132 525 1256 570; x_wconf 89' lang='lat' dir='ltr'><strong>cives</strong></span> <span class='ocrx_word' id='word_1_26' title='bbox 1300 523 1493 587; x_wconf 90' lang='lat' dir='ltr'><strong>quidem</strong></span> <span class='ocrx_word' id='word_1_27' title='bbox 1522 540 1655 589; x_wconf 78' lang='lat' dir='ltr'><strong>paene</strong></span> 
     </span>
     <span class='ocr_line' id='line_1_5' title="bbox 251 600 1654 665; baseline 0.001 -21"><span class='ocrx_word' id='word_1_28' title='bbox 251 615 432 660; x_wconf 83' lang='lat' dir='ltr'><strong>omnes,</strong></span> <span class='ocrx_word' id='word_1_29' title='bbox 461 600 604 646; x_wconf 89' lang='lat' dir='ltr'><strong>bonis</strong></span> <span class='ocrx_word' id='word_1_30' title='bbox 627 601 874 665; x_wconf 81' lang='lat' dir='ltr'>ademptis,</span> <span class='ocrx_word' id='word_1_31' title='bbox 900 603 993 648; x_wconf 88' lang='lat' dir='ltr'><strong>vita</strong></span> <span class='ocrx_word' id='word_1_32' title='bbox 1012 600 1315 647; x_wconf 82' lang='lat' dir='ltr'><strong>solummodo</strong></span> <span class='ocrx_word' id='word_1_33' title='bbox 1346 600 1521 658; x_wconf 90' lang='lat' dir='ltr'><strong>relicta,</strong></span> <span class='ocrx_word' id='word_1_34' title='bbox 1557 617 1654 663; x_wconf 92' lang='lat' dir='ltr'><strong>quo</strong></span> 
     </span>
     <span class='ocr_line' id='line_1_6' title="bbox 250 674 1655 737; baseline 0.001 -18"><span class='ocrx_word' id='word_1_35' title='bbox 250 675 438 736; x_wconf 81' lang='lat' dir='ltr'><strong>vellent,</strong></span> <span class='ocrx_word' id='word_1_36' title='bbox 469 676 559 722; x_wconf 88' lang='lat' dir='ltr'><strong>alio</strong></span> <span class='ocrx_word' id='word_1_37' title='bbox 585 677 712 723; x_wconf 88' lang='lat' dir='ltr'><strong>abire</strong></span> <span class='ocrx_word' id='word_1_38' title='bbox 736 678 913 723; x_wconf 85' lang='lat' dir='ltr'>dimissi</span> <span class='ocrx_word' id='word_1_39' title='bbox 938 686 1061 723; x_wconf 87' lang='lat' dir='ltr'><strong>sunt.</strong></span> <span class='ocrx_word' id='word_1_40' title='bbox 1083 676 1300 722; x_wconf 82' lang='lat' dir='ltr'>Militares</span> <span class='ocrx_word' id='word_1_41' title='bbox 1323 691 1461 731; x_wconf 88' lang='lat' dir='ltr'><strong>vero,</strong></span> <span class='ocrx_word' id='word_1_42' title='bbox 1487 677 1567 737; x_wconf 88' lang='lat' dir='ltr'><strong>qui</strong></span> <span class='ocrx_word' id='word_1_43' title='bbox 1590 674 1655 721; x_wconf 91' lang='lat' dir='ltr'><strong>ibi</strong></span> 
     </span>
     <span class='ocr_line' id='line_1_7' title="bbox 250 751 1653 816; baseline 0.001 -20"><span class='ocrx_word' id='word_1_44' title='bbox 250 751 296 797; x_wconf 91' lang='lat' dir='ltr'><strong>in</strong></span> <span class='ocrx_word' id='word_1_45' title='bbox 318 753 534 816; x_wconf 82' lang='lat' dir='ltr'><strong>praesidio</strong></span> <span class='ocrx_word' id='word_1_46' title='bbox 560 754 743 801; x_wconf 87' lang='lat' dir='ltr'><strong>fuerant</strong></span> <span class='ocrx_word' id='word_1_47' title='bbox 762 755 917 814; x_wconf 85' lang='lat' dir='ltr'><strong>locati,</strong></span> <span class='ocrx_word' id='word_1_48' title='bbox 941 771 1049 800; x_wconf 93' lang='lat' dir='ltr'><strong>cum</strong></span> <span class='ocrx_word' id='word_1_49' title='bbox 1080 751 1322 799; x_wconf 87' lang='lat' dir='ltr'><strong>nonnullis</strong></span> <span class='ocrx_word' id='word_1_50' title='bbox 1344 752 1484 797; x_wconf 91' lang='lat' dir='ltr'><strong>etiam</strong></span> <span class='ocrx_word' id='word_1_51' title='bbox 1507 768 1563 797; x_wconf 86' lang='lat' dir='ltr'><strong>ex</strong></span> <span class='ocrx_word' id='word_1_52' title='bbox 1586 753 1653 798; x_wconf 89' lang='lat' dir='ltr'><strong>ci-</strong></span> 
     </span>
     <span class='ocr_line' id='line_1_8' title="bbox 250 828 1654 892; baseline -0.001 -18"><span class='ocrx_word' id='word_1_53' title='bbox 250 829 402 889; x_wconf 90' lang='lat' dir='ltr'><strong>vibus,</strong></span> <span class='ocrx_word' id='word_1_54' title='bbox 435 833 681 877; x_wconf 80' lang='lat' dir='ltr'><strong>securitate</strong></span> <span class='ocrx_word' id='word_1_55' title='bbox 712 832 816 877; x_wconf 79' lang='lat' dir='ltr'><strong>vitae</strong></span> <span class='ocrx_word' id='word_1_56' title='bbox 850 830 1154 877; x_wconf 89' lang='lat' dir='ltr'><strong>solummodo</strong></span> <span class='ocrx_word' id='word_1_57' title='bbox 1195 828 1450 892; x_wconf 88' lang='lat' dir='ltr'><strong>promissa,</strong></span> <span class='ocrx_word' id='word_1_58' title='bbox 1482 829 1654 892; x_wconf 83' lang='lat' dir='ltr'><strong>captivi</strong></span> 
     </span>
     <span class='ocr_line' id='line_1_9' title="bbox 249 905 1652 969; baseline -0.001 -18"><span class='ocrx_word' id='word_1_59' title='bbox 249 906 296 951; x_wconf 91' lang='lat' dir='ltr'><strong>in</strong></span> <span class='ocrx_word' id='word_1_60' title='bbox 334 908 547 969; x_wconf 83' lang='lat' dir='ltr'><strong>Angliam</strong></span> <span class='ocrx_word' id='word_1_61' title='bbox 588 908 779 954; x_wconf 87' lang='lat' dir='ltr'><strong>abducti</strong></span> <span class='ocrx_word' id='word_1_62' title='bbox 807 918 940 967; x_wconf 71' lang='lat' dir='ltr'><strong>sunt,</strong></span> <span class='ocrx_word' id='word_1_63' title='bbox 979 907 1059 953; x_wconf 92' lang='lat' dir='ltr'><strong>ubi</strong></span> <span class='ocrx_word' id='word_1_64' title='bbox 1086 905 1306 952; x_wconf 89' lang='lat' dir='ltr'><strong>nonnulli</strong></span> <span class='ocrx_word' id='word_1_65' title='bbox 1335 906 1538 964; x_wconf 89' lang='lat' dir='ltr'><strong>mortui,</strong></span> <span class='ocrx_word' id='word_1_66' title='bbox 1575 905 1652 951; x_wconf 89' lang='lat' dir='ltr'><strong>alii</strong></span> 
     </span>
     <span class='ocr_line' id='line_1_10' title="bbox 249 982 1648 1048; baseline -0.001 -20"><span class='ocrx_word' id='word_1_67' title='bbox 249 1000 378 1043; x_wconf 89' lang='lat' dir='ltr'><strong>vero,</strong></span> <span class='ocrx_word' id='word_1_68' title='bbox 399 995 505 1046; x_wconf 87' lang='lat' dir='ltr'><strong>post</strong></span> <span class='ocrx_word' id='word_1_69' title='bbox 531 984 695 1048; x_wconf 84' lang='lat' dir='ltr'><strong>longas</strong></span> <span class='ocrx_word' id='word_1_70' title='bbox 719 1002 894 1042; x_wconf 88' lang='lat' dir='ltr'><strong>moras,</strong></span> <span class='ocrx_word' id='word_1_71' title='bbox 917 984 1096 1047; x_wconf 86' lang='lat' dir='ltr'><strong>magnis</strong></span> <span class='ocrx_word' id='word_1_72' title='bbox 1119 1000 1167 1029; x_wconf 91' lang='lat' dir='ltr'><strong>se</strong></span> <span class='ocrx_word' id='word_1_73' title='bbox 1189 982 1501 1047; x_wconf 85' lang='lat' dir='ltr'><strong>pecuniarum</strong></span> <span class='ocrx_word' id='word_1_74' title='bbox 1525 998 1648 1028; x_wconf 89' lang='lat' dir='ltr'><strong>sum-</strong></span> 
     </span>
    </p>
   </div>
   <div class='ocr_carea' id='block_1_3' title="bbox 253 1061 1649 1201">
    <p class='ocr_par' dir='ltr' id='par_1_3' title="bbox 253 1061 1649 1201">
     <span class='ocr_line' id='line_1_11' title="bbox 253 1061 687 1108; baseline 0.009 -4"><span class='ocrx_word' id='word_1_75' title='bbox 253 1061 338 1105; x_wconf 88' lang='lat' dir='ltr'><strong>mis</strong></span> <span class='ocrx_word' id='word_1_76' title='bbox 364 1061 687 1108; x_wconf 87' lang='lat' dir='ltr'><strong>redemerunt.</strong></span> 
     </span>
     <span class='ocr_line' id='line_1_12' title="bbox 315 1135 1649 1201; baseline 0.001 -21"><span class='ocrx_word' id='word_1_77' title='bbox 315 1140 372 1181; x_wconf 82' lang='lat' dir='ltr'><strong>Et</strong></span> <span class='ocrx_word' id='word_1_78' title='bbox 397 1137 485 1183; x_wconf 88' lang='lat' dir='ltr'><strong>tale</strong></span> <span class='ocrx_word' id='word_1_79' title='bbox 515 1139 707 1201; x_wconf 89' lang='lat' dir='ltr'><strong>quidem</strong></span> <span class='ocrx_word' id='word_1_80' title='bbox 731 1146 1078 1199; x_wconf 90' lang='lat' dir='ltr'><strong>conquestuum</strong></span> <span class='ocrx_word' id='word_1_81' title='bbox 1101 1135 1362 1198; x_wconf 82' lang='lat' dir='ltr'><strong>Anglorum</strong></span> <span class='ocrx_word' id='word_1_82' title='bbox 1380 1136 1429 1181; x_wconf 92' lang='lat' dir='ltr'><strong>in</strong></span> <span class='ocrx_word' id='word_1_83' title='bbox 1454 1136 1649 1183; x_wconf 84' lang='lat' dir='ltr'><strong>Francia</strong></span> 
     </span>
    </p>
   </div>
   <div class='ocr_carea' id='block_1_4' title="bbox 241 1213 1650 1817">
    <p class='ocr_par' dir='ltr' id='par_1_4' title="bbox 241 1213 1650 1817">
     <span class='ocr_line' id='line_1_13' title="bbox 247 1213 1650 1278; baseline 0.002 -21"><span class='ocrx_word' id='word_1_84' title='bbox 247 1213 435 1258; x_wconf 86' lang='lat' dir='ltr'><strong>initium</strong></span> <span class='ocrx_word' id='word_1_85' title='bbox 458 1213 541 1260; x_wconf 87' lang='lat' dir='ltr'><strong>fuit</strong></span> <span class='ocrx_word' id='word_1_86' title='bbox 558 1251 569 1269; x_wconf 85' lang='lat'>‚</span> <span class='ocrx_word' id='word_1_87' title='bbox 598 1225 737 1278; x_wconf 88' lang='lat' dir='ltr'><strong>atque</strong></span> <span class='ocrx_word' id='word_1_88' title='bbox 765 1215 811 1259; x_wconf 91' lang='lat' dir='ltr'><strong>in</strong></span> <span class='ocrx_word' id='word_1_89' title='bbox 840 1215 1125 1261; x_wconf 85' lang='lat' dir='ltr'><strong>Normannia</strong></span> <span class='ocrx_word' id='word_1_90' title='bbox 1142 1252 1152 1271; x_wconf 79' lang='lat'>‚</span> <span class='ocrx_word' id='word_1_91' title='bbox 1183 1230 1271 1277; x_wconf 87' lang='lat' dir='ltr'><strong>pro</strong></span> <span class='ocrx_word' id='word_1_92' title='bbox 1293 1213 1500 1277; x_wconf 86' lang='lat' dir='ltr'><strong>piraticis</strong></span> <span class='ocrx_word' id='word_1_93' title='bbox 1525 1214 1650 1278; x_wconf 87' lang='lat' dir='ltr'><strong>rapi-</strong></span> 
     </span>
     <span class='ocr_line' id='line_1_14' title="bbox 248 1289 1648 1350; baseline 0.003 -17"><span class='ocrx_word' id='word_1_94' title='bbox 248 1289 337 1347; x_wconf 90' lang='lat' dir='ltr'><strong>nis,</strong></span> <span class='ocrx_word' id='word_1_95' title='bbox 380 1289 459 1334; x_wconf 86' lang='lat' dir='ltr'><strong>illo</strong></span> <span class='ocrx_word' id='word_1_96' title='bbox 488 1300 630 1350; x_wconf 90' lang='lat' dir='ltr'><strong>tunc,</strong></span> <span class='ocrx_word' id='word_1_97' title='bbox 670 1308 724 1337; x_wconf 82' lang='lat' dir='ltr'><strong>ex</strong></span> <span class='ocrx_word' id='word_1_98' title='bbox 758 1291 934 1337; x_wconf 89' lang='lat' dir='ltr'><strong>eisdem</strong></span> <span class='ocrx_word' id='word_1_99' title='bbox 968 1291 1076 1336; x_wconf 90' lang='lat' dir='ltr'><strong>satis</strong></span> <span class='ocrx_word' id='word_1_100' title='bbox 1111 1290 1363 1336; x_wconf 90' lang='lat' dir='ltr'><strong>nobilitato</strong></span> <span class='ocrx_word' id='word_1_101' title='bbox 1396 1299 1443 1336; x_wconf 90' lang='lat' dir='ltr'><strong>et</strong></span> <span class='ocrx_word' id='word_1_102' title='bbox 1467 1290 1648 1337; x_wconf 86' lang='lat' dir='ltr'><strong>famoso</strong></span> 
     </span>
     <span class='ocr_line' id='line_1_15' title="bbox 245 1366 1647 1431; baseline 0.002 -20"><span class='ocrx_word' id='word_1_103' title='bbox 245 1366 383 1425; x_wconf 85' lang='lat' dir='ltr'><strong>facto,</strong></span> <span class='ocrx_word' id='word_1_104' title='bbox 414 1368 593 1431; x_wconf 89' lang='lat' dir='ltr'><strong>oppido</strong></span> <span class='ocrx_word' id='word_1_105' title='bbox 611 1368 669 1413; x_wconf 90' lang='lat' dir='ltr'><strong>de</strong></span> <span class='ocrx_word' id='word_1_106' title='bbox 687 1368 880 1430; x_wconf 74' lang='lat' dir='ltr'><strong>Harefla</strong></span> <span class='ocrx_word' id='word_1_107' title='bbox 905 1367 1101 1413; x_wconf 87' lang='lat' dir='ltr'><strong>cedente</strong></span> <span class='ocrx_word' id='word_1_108' title='bbox 1124 1366 1342 1413; x_wconf 87' lang='lat' dir='ltr'><strong>hostibus</strong></span> <span class='ocrx_word' id='word_1_109' title='bbox 1364 1366 1413 1412; x_wconf 93' lang='lat' dir='ltr'><strong>in</strong></span> <span class='ocrx_word' id='word_1_110' title='bbox 1437 1367 1647 1430; x_wconf 78' lang='lat' dir='ltr'><strong>praedam</strong></span> 
     </span>
     <span class='ocr_line' id='line_1_16' title="bbox 244 1444 1644 1509; baseline 0.001 -20"><span class='ocrx_word' id='word_1_111' title='bbox 244 1460 377 1490; x_wconf 88' lang='lat' dir='ltr'><strong>versa</strong></span> <span class='ocrx_word' id='word_1_112' title='bbox 406 1445 522 1491; x_wconf 85' lang='lat' dir='ltr'><strong>vice.</strong></span> <span class='ocrx_word' id='word_1_113' title='bbox 555 1450 677 1491; x_wconf 84' lang='lat' dir='ltr'><strong>Bene</strong></span> <span class='ocrx_word' id='word_1_114' title='bbox 707 1446 832 1491; x_wconf 91' lang='lat' dir='ltr'><strong>enim</strong></span> <span class='ocrx_word' id='word_1_115' title='bbox 860 1446 1095 1491; x_wconf 91' lang='lat' dir='ltr'><strong>Dominus</strong></span> <span class='ocrx_word' id='word_1_116' title='bbox 1126 1462 1210 1509; x_wconf 90' lang='lat' dir='ltr'><strong>per</strong></span> <span class='ocrx_word' id='word_1_117' title='bbox 1233 1445 1399 1490; x_wconf 87' lang='lat' dir='ltr'><strong>Isaiam</strong></span> <span class='ocrx_word' id='word_1_118' title='bbox 1426 1444 1644 1507; x_wconf 84' lang='lat' dir='ltr'><strong>hujusce-</strong></span> 
     </span>
     <span class='ocr_line' id='line_1_17' title="bbox 243 1519 1640 1585; baseline 0.002 -20"><span class='ocrx_word' id='word_1_119' title='bbox 243 1520 375 1566; x_wconf 89' lang='lat' dir='ltr'><strong>modi</strong></span> <span class='ocrx_word' id='word_1_120' title='bbox 397 1521 569 1583; x_wconf 85' lang='lat' dir='ltr'><strong>iniquis</strong></span> <span class='ocrx_word' id='word_1_121' title='bbox 594 1520 862 1585; x_wconf 84' lang='lat' dir='ltr'><strong>raptoribus</strong></span> <span class='ocrx_word' id='word_1_122' title='bbox 878 1521 1210 1577; x_wconf 76' lang='lat' dir='ltr'><strong>comminatur,</strong></span> <span class='ocrx_word' id='word_1_123' title='bbox 1230 1521 1416 1567; x_wconf 88' lang='lat' dir='ltr'><strong>dicens1</strong></span> <span class='ocrx_word' id='word_1_124' title='bbox 1441 1538 1450 1565; x_wconf 93' lang='lat'>:</span> <span class='ocrx_word' id='word_1_125' title='bbox 1490 1542 1511 1563; x_wconf 78' lang='grc' dir='ltr'>α</span> <span class='ocrx_word' id='word_1_126' title='bbox 1540 1519 1640 1568; x_wconf 76' lang='lat' dir='ltr'><strong>Vaet</strong></span> 
     </span>
     <span class='ocr_line' id='line_1_18' title="bbox 242 1598 1644 1663; baseline 0.001 -20"><span class='ocrx_word' id='word_1_127' title='bbox 242 1598 323 1661; x_wconf 88' lang='lat' dir='ltr'><strong>qui</strong></span> <span class='ocrx_word' id='word_1_128' title='bbox 367 1599 612 1662; x_wconf 80' lang='lat' dir='ltr'><strong>praedaris,</strong></span> <span class='ocrx_word' id='word_1_129' title='bbox 662 1615 824 1644; x_wconf 89' lang='lat' dir='ltr'><strong>nonne</strong></span> <span class='ocrx_word' id='word_1_130' title='bbox 867 1608 912 1645; x_wconf 92' lang='lat' dir='ltr'><strong>et</strong></span> <span class='ocrx_word' id='word_1_131' title='bbox 958 1600 1055 1663; x_wconf 89' lang='lat' dir='ltr'><strong>ipse</strong></span> <span class='ocrx_word' id='word_1_132' title='bbox 1103 1598 1420 1663; x_wconf 77' lang='lat' dir='ltr'><strong>praedaberis?</strong></span> <span class='ocrx_word' id='word_1_133' title='bbox 1465 1601 1521 1645; x_wconf 88' lang='lat' dir='ltr'><strong>Et</strong></span> <span class='ocrx_word' id='word_1_134' title='bbox 1561 1600 1644 1662; x_wconf 89' lang='lat' dir='ltr'><strong>qui</strong></span> 
     </span>
     <span class='ocr_line' id='line_1_19' title="bbox 242 1676 1644 1740; baseline 0.001 -20"><span class='ocrx_word' id='word_1_135' title='bbox 242 1676 444 1738; x_wconf 90' lang='lat' dir='ltr'><strong>spernis,</strong></span> <span class='ocrx_word' id='word_1_136' title='bbox 474 1692 634 1721; x_wconf 88' lang='lat' dir='ltr'><strong>nonne</strong></span> <span class='ocrx_word' id='word_1_137' title='bbox 673 1686 716 1722; x_wconf 92' lang='lat' dir='ltr'><strong>et</strong></span> <span class='ocrx_word' id='word_1_138' title='bbox 750 1677 847 1740; x_wconf 92' lang='lat' dir='ltr'><strong>ipse</strong></span> <span class='ocrx_word' id='word_1_139' title='bbox 886 1676 1154 1740; x_wconf 80' lang='lat' dir='ltr'><strong>sperneris?</strong></span> <span class='ocrx_word' id='word_1_140' title='bbox 1184 1679 1304 1722; x_wconf 92' lang='lat' dir='ltr'><strong>Cum</strong></span> <span class='ocrx_word' id='word_1_141' title='bbox 1335 1692 1644 1723; x_wconf 82' lang='lat' dir='ltr'><strong>consumma-</strong></span> 
     </span>
     <span class='ocr_line' id='line_1_20' title="bbox 241 1751 1234 1817; baseline -0.002 -20"><span class='ocrx_word' id='word_1_142' title='bbox 241 1752 360 1798; x_wconf 82' lang='lat' dir='ltr'><strong>veris</strong></span> <span class='ocrx_word' id='word_1_143' title='bbox 384 1751 802 1816; x_wconf 64' lang='lat' dir='ltr'><strong>depraedationem,</strong></span> <span class='ocrx_word' id='word_1_144' title='bbox 829 1752 1187 1817; x_wconf 63' lang='lat' dir='ltr'><strong>depraedaberis.</strong></span> <span class='ocrx_word' id='word_1_145' title='bbox 1212 1771 1234 1795; x_wconf 86' lang='grc'><em>»</em></span> 
     </span>
    </p>
   </div>
   <div class='ocr_carea' id='block_1_5' title="bbox 693 1933 1182 1977">
    <p class='ocr_par' dir='ltr' id='par_1_5' title="bbox 693 1933 1182 1977">
     <span class='ocr_line' id='line_1_21' title="bbox 693 1933 1182 1977; baseline -0.002 0"><span class='ocrx_word' id='word_1_146' title='bbox 693 1933 1028 1977; x_wconf 83' lang='lat' dir='ltr'><strong>CAPITULUM</strong></span> <span class='ocrx_word' id='word_1_147' title='bbox 1063 1933 1182 1977; x_wconf 88' lang='lat' dir='ltr'><strong>VIII.</strong></span> 
     </span>
    </p>
   </div>
   <div class='ocr_carea' id='block_1_6' title="bbox 240 2055 1639 2150">
    <p class='ocr_par' dir='ltr' id='par_1_6' title="bbox 240 2055 1639 2150">
     <span class='ocr_line' id='line_1_22' title="bbox 240 2055 1639 2103; baseline 0.001 -14"><span class='ocrx_word' id='word_1_148' title='bbox 240 2055 430 2098; x_wconf 89' lang='lat' dir='ltr'><strong>Quomodo</strong></span> <span class='ocrx_word' id='word_1_149' title='bbox 453 2069 515 2091; x_wconf 86' lang='lat' dir='ltr'><strong>rex</strong></span> <span class='ocrx_word' id='word_1_150' title='bbox 531 2057 724 2103; x_wconf 85' lang='lat' dir='ltr'><strong>Anglorum</strong></span> <span class='ocrx_word' id='word_1_151' title='bbox 741 2069 806 2103; x_wconf 83' lang='lat' dir='ltr'><strong>per</strong></span> <span class='ocrx_word' id='word_1_152' title='bbox 824 2055 1055 2091; x_wconf 83' lang='lat' dir='ltr'><strong>caletensium</strong></span> <span class='ocrx_word' id='word_1_153' title='bbox 1076 2068 1177 2102; x_wconf 84' lang='lat' dir='ltr'><strong>agros</strong></span> <span class='ocrx_word' id='word_1_154' title='bbox 1202 2055 1238 2090; x_wconf 89' lang='lat' dir='ltr'><strong>in</strong></span> <span class='ocrx_word' id='word_1_155' title='bbox 1264 2055 1462 2092; x_wconf 80' lang='lat' dir='ltr'><strong>Picardiam</strong></span> <span class='ocrx_word' id='word_1_156' title='bbox 1478 2068 1556 2091; x_wconf 89' lang='lat' dir='ltr'><strong>cum</strong></span> <span class='ocrx_word' id='word_1_157' title='bbox 1575 2070 1639 2092; x_wconf 88' lang='lat' dir='ltr'><strong>suo</strong></span> 
     </span>
     <span class='ocr_line' id='line_1_23' title="bbox 799 2115 1079 2150; baseline -0.007 0"><span class='ocrx_word' id='word_1_158' title='bbox 799 2115 952 2150; x_wconf 83' lang='lat' dir='ltr'><strong>exercitu</strong></span> <span class='ocrx_word' id='word_1_159' title='bbox 973 2115 1079 2150; x_wconf 79' lang='lat' dir='ltr'><strong>venit.</strong></span> 
     </span>
    </p>
   </div>
   <div class='ocr_carea' id='block_1_7' title="bbox 235 2223 1638 2593">
    <p class='ocr_par' dir='ltr' id='par_1_7' title="bbox 235 2223 1638 2593">
     <span class='ocr_line' id='line_1_24' title="bbox 304 2223 1634 2288; baseline 0 -19"><span class='ocrx_word' id='word_1_160' title='bbox 304 2227 413 2270; x_wconf 89' lang='lat' dir='ltr'><strong>Post</strong></span> <span class='ocrx_word' id='word_1_161' title='bbox 435 2224 726 2270; x_wconf 89' lang='lat' dir='ltr'><strong>deditionem</strong></span> <span class='ocrx_word' id='word_1_162' title='bbox 760 2233 916 2271; x_wconf 91' lang='lat' dir='ltr'><strong>autem</strong></span> <span class='ocrx_word' id='word_1_163' title='bbox 940 2223 1125 2288; x_wconf 88' lang='lat' dir='ltr'><strong>oppidi,</strong></span> <span class='ocrx_word' id='word_1_164' title='bbox 1161 2224 1281 2270; x_wconf 87' lang='lat' dir='ltr'><strong>sicut</strong></span> <span class='ocrx_word' id='word_1_165' title='bbox 1306 2224 1634 2288; x_wconf 81' lang='lat' dir='ltr'><strong>praemisimus,</strong></span> 
     </span>
     <span class='ocr_line' id='line_1_25' title="bbox 237 2299 1638 2364; baseline -0.001 -18"><span class='ocrx_word' id='word_1_166' title='bbox 237 2301 423 2361; x_wconf 87' lang='lat' dir='ltr'><strong>factam,</strong></span> <span class='ocrx_word' id='word_1_167' title='bbox 452 2317 562 2348; x_wconf 92' lang='lat' dir='ltr'><strong>cum</strong></span> <span class='ocrx_word' id='word_1_168' title='bbox 591 2302 690 2364; x_wconf 87' lang='lat' dir='ltr'><strong>jam</strong></span> <span class='ocrx_word' id='word_1_169' title='bbox 724 2301 897 2347; x_wconf 90' lang='lat' dir='ltr'><strong>mensis</strong></span> <span class='ocrx_word' id='word_1_170' title='bbox 932 2301 1139 2347; x_wconf 90' lang='lat' dir='ltr'><strong>octobris</strong></span> <span class='ocrx_word' id='word_1_171' title='bbox 1175 2310 1323 2359; x_wconf 83' lang='lat' dir='ltr'><strong>esset,</strong></span> <span class='ocrx_word' id='word_1_172' title='bbox 1362 2299 1638 2347; x_wconf 85' lang='lat' dir='ltr'><strong>deliberavit</strong></span> 
     </span>
     <span class='ocr_line' id='line_1_26' title="bbox 235 2377 1637 2441; baseline 0.001 -18"><span class='ocrx_word' id='word_1_173' title='bbox 235 2378 360 2423; x_wconf 91' lang='lat' dir='ltr'><strong>idem</strong></span> <span class='ocrx_word' id='word_1_174' title='bbox 388 2378 643 2440; x_wconf 81' lang='lat' dir='ltr'><strong>Anglorum</strong></span> <span class='ocrx_word' id='word_1_175' title='bbox 663 2395 760 2438; x_wconf 88' lang='lat' dir='ltr'><strong>rex,</strong></span> <span class='ocrx_word' id='word_1_176' title='bbox 788 2395 930 2441; x_wconf 88' lang='lat' dir='ltr'><strong>quam</strong></span> <span class='ocrx_word' id='word_1_177' title='bbox 950 2379 1136 2440; x_wconf 82' lang='lat' dir='ltr'><strong>navigio</strong></span> <span class='ocrx_word' id='word_1_178' title='bbox 1160 2377 1510 2441; x_wconf 85' lang='lat' dir='ltr'><strong>expeditionem</strong></span> <span class='ocrx_word' id='word_1_179' title='bbox 1527 2377 1637 2424; x_wconf 92' lang='lat' dir='ltr'><strong>illuc</strong></span> 
     </span>
     <span class='ocr_line' id='line_1_27' title="bbox 235 2454 1636 2518; baseline 0 -17"><span class='ocrx_word' id='word_1_180' title='bbox 235 2455 516 2513; x_wconf 84' lang='lat' dir='ltr'><strong>adduxerat,</strong></span> <span class='ocrx_word' id='word_1_181' title='bbox 561 2455 766 2501; x_wconf 89' lang='lat' dir='ltr'><strong>terrestri</strong></span> <span class='ocrx_word' id='word_1_182' title='bbox 805 2455 970 2501; x_wconf 90' lang='lat' dir='ltr'><strong>itinere</strong></span> <span class='ocrx_word' id='word_1_183' title='bbox 1013 2455 1073 2501; x_wconf 85' lang='lat' dir='ltr'><strong>ad</strong></span> <span class='ocrx_word' id='word_1_184' title='bbox 1109 2454 1343 2518; x_wconf 89' lang='lat' dir='ltr'><strong>oppidum</strong></span> <span class='ocrx_word' id='word_1_185' title='bbox 1391 2471 1530 2501; x_wconf 90' lang='lat' dir='ltr'><strong>suum</strong></span> <span class='ocrx_word' id='word_1_186' title='bbox 1576 2455 1636 2501; x_wconf 91' lang='lat' dir='ltr'><strong>de</strong></span> 
     </span>
     <span class='ocr_line' id='line_1_28' title="bbox 237 2531 1635 2593; baseline 0.001 -16"><span class='ocrx_word' id='word_1_187' title='bbox 237 2531 373 2578; x_wconf 76' lang='lat' dir='ltr'><strong>Cales</strong></span> <span class='ocrx_word' id='word_1_188' title='bbox 384 2534 414 2591; x_wconf 70' lang='lat'><strong>2,</strong></span> <span class='ocrx_word' id='word_1_189' title='bbox 442 2533 489 2578; x_wconf 91' lang='lat' dir='ltr'><strong>in</strong></span> <span class='ocrx_word' id='word_1_190' title='bbox 525 2531 698 2578; x_wconf 90' lang='lat' dir='ltr'><strong>finibus</strong></span> <span class='ocrx_word' id='word_1_191' title='bbox 728 2531 982 2593; x_wconf 84' lang='lat' dir='ltr'><strong>Flandriae,</strong></span> <span class='ocrx_word' id='word_1_192' title='bbox 1009 2531 1252 2591; x_wconf 87' lang='lat' dir='ltr'><strong>reducere,</strong></span> <span class='ocrx_word' id='word_1_193' title='bbox 1284 2532 1323 2578; x_wconf 88' lang='lat' dir='ltr'><strong>si</strong></span> <span class='ocrx_word' id='word_1_194' title='bbox 1351 2531 1470 2579; x_wconf 86' lang='lat' dir='ltr'><strong>forte</strong></span> <span class='ocrx_word' id='word_1_195' title='bbox 1494 2534 1635 2578; x_wconf 90' lang='lat' dir='ltr'><strong>Fran—</strong></span> 
     </span>
    </p>
   </div>
   <div class='ocr_carea' id='block_1_8' title="bbox 285 2657 1632 2769">
    <p class='ocr_par' dir='ltr' id='par_1_8' title="bbox 285 2657 1632 2769">
     <span class='ocr_line' id='line_1_29' title="bbox 286 2657 760 2709; baseline 0.002 -15"><span class='ocrx_word' id='word_1_196' title='bbox 286 2661 324 2698; x_wconf 86' lang='lat'><strong>1.</strong></span> <span class='ocrx_word' id='word_1_197' title='bbox 352 2661 463 2706; x_wconf 73' lang='lat' dir='ltr'><strong>IsaIe,</strong></span> <span class='ocrx_word' id='word_1_198' title='bbox 487 2657 599 2709; x_wconf 87' lang='lat' dir='ltr'><strong>chap.</strong></span> <span class='ocrx_word' id='word_1_199' title='bbox 620 2671 760 2695; x_wconf 82' lang='lat' dir='ltr'><strong>xxxm.</strong></span> 
     </span>
     <span class='ocr_line' id='line_1_30' title="bbox 285 2715 1632 2769; baseline 0.001 -16"><span class='ocrx_word' id='word_1_200' title='bbox 285 2719 323 2754; x_wconf 77' lang='lat'><strong>2.</strong></span> <span class='ocrx_word' id='word_1_201' title='bbox 354 2716 475 2755; x_wconf 87' lang='lat' dir='ltr'><strong>Calais</strong></span> <span class='ocrx_word' id='word_1_202' title='bbox 493 2716 559 2766; x_wconf 92' lang='lat' dir='ltr'><strong>qui</strong></span> <span class='ocrx_word' id='word_1_203' title='bbox 577 2715 717 2754; x_wconf 81' lang='lat' dir='ltr'><strong>n’avait</strong></span> <span class='ocrx_word' id='word_1_204' title='bbox 738 2728 805 2766; x_wconf 88' lang='lat' dir='ltr'><strong>pas</strong></span> <span class='ocrx_word' id='word_1_205' title='bbox 824 2716 926 2753; x_wconf 77' lang='lat' dir='ltr'><strong>cesse</strong></span> <span class='ocrx_word' id='word_1_206' title='bbox 942 2715 1200 2767; x_wconf 82' lang='lat' dir='ltr'><strong>d’appartenir</strong></span> <span class='ocrx_word' id='word_1_207' title='bbox 1221 2730 1296 2755; x_wconf 85' lang='lat' dir='ltr'><strong>aux</strong></span> <span class='ocrx_word' id='word_1_208' title='bbox 1320 2717 1475 2769; x_wconf 82' lang='lat' dir='ltr'><strong>Anglais</strong></span> <span class='ocrx_word' id='word_1_209' title='bbox 1498 2717 1632 2768; x_wconf 87' lang='lat' dir='ltr'><strong>depuis</strong></span> 
     </span>
    </p>
   </div>
   <div class='ocr_carea' id='block_1_9' title="bbox 232 2779 348 2815">
    <p class='ocr_par' dir='ltr' id='par_1_9' title="bbox 232 2779 348 2815">
     <span class='ocr_line' id='line_1_31' title="bbox 232 2779 348 2815; baseline 0.009 -1"><span class='ocrx_word' id='word_1_210' title='bbox 232 2779 348 2815; x_wconf 71' lang='lat'>1347.</span> 
     </span>
    </p>
   </div>
  </div>
 </body>
</html>
