2037 3442
733 327 875 361 LIBER
903 326 1139 372 QUARTUS.
1557 327 1578 361 2
1586 328 1626 362 :31

243 406 307 452 tio
333 407 396 452 eis
420 408 631 471 primitus
655 407 713 453 de
738 408 947 471 pecuniis
973 407 1182 465 creditis,
1210 408 1255 452 in
1289 406 1459 469 quibus
1488 424 1631 469 usque

241 482 300 527 ad
319 499 551 529 summam
577 500 706 547 paene
736 494 924 529 centum
949 484 1074 529 mille
1098 483 1323 529 librarum
1348 483 1523 530 eisdem
1550 500 1632 546 per

242 569 395 621 partes
416 559 715 619 tenebantur,
744 560 815 605 vel
839 560 1000 605 saltem
1039 560 1208 605 idonea
1245 560 1303 605 de
1335 560 1427 605 hoc
1455 560 1630 605 eisdem

240 636 441 698 praestita
463 637 678 682 cautione
696 673 707 695 ‚
733 636 846 681 nihil
874 645 1030 681 tamen
1057 637 1103 680 in
1131 636 1297 681 effectu
1322 636 1627 699 adimpletum

240 710 347 769 suit3
386 711 466 757 sed
510 715 793 757 Francorum
827 710 1066 756 nonnullis
1096 710 1295 755 ducibus
1329 728 1412 773 per
1460 712 1628 772 Anglo-

239 802 344 832 rum
368 788 602 851 principes
624 787 819 850 pecunia
843 785 1208 847 muneribusque
1229 787 1482 848 corruptis,
1513 787 1629 833 frau-

239 862 358 909 datis
382 863 580 920 civibus,
606 863 732 909 abire
753 862 928 908 dimissi
951 870 1076 906 sunt.

302 943 552 1003 Postquam
577 950 748 999 autem,
777 955 944 984 vacuas
962 953 1090 983 arces
1115 937 1448 999 relinquentes,
1468 937 1526 982 ad
1547 955 1626 983 sua

237 1015 314 1061 illa
350 1026 446 1062 tota
491 1017 678 1078 Anglica
727 1033 893 1062 manus
931 1014 1217 1073 abcesserat,
1263 1023 1374 1059 tunc
1419 1015 1626 1077 primum

236 1096 523 1138 Francorum
556 1110 659 1150 rex,
694 1109 798 1154 rege
833 1095 1008 1137 Renato
1040 1089 1229 1149 Siciliae,
1266 1090 1625 1151 Andegavorum

235 1168 376 1227 duce,
419 1168 665 1230 multisque
703 1169 801 1214 aliis
832 1167 1120 1230 principibus
1145 1167 1421 1223 comitatus,
1457 1182 1627 1229 magna

234 1244 434 1289 militum
458 1245 799 1307 satellitumque
819 1254 1003 1289 caterva
1024 1243 1243 1306 stipatus⁷
1268 1241 1432 1288 urbem
1456 1243 1628 1304 ingres·

232 1337 308 1365 sus
331 1329 400 1365 est
417 1357 427 1377 ‚
455 1336 481 1366 a
507 1321 758 1383 provinciae
777 1320 998 1383 praelatis,
1027 1320 1107 1382 qui
1126 1318 1219 1364 illic
1243 1319 1339 1381 ejus
1368 1318 1625 1364 adventum

232 1395 580 1458 operiebantur,
608 1396 936 1459 nobilibusque
956 1395 1167 1459 plurimis
1186 1395 1345 1458 patriae
1368 1405 1508 1458 atque
1535 1394 1625 1440 loci

229 1472 373 1535 ipsius
396 1472 596 1528 civibus,
623 1489 731 1518 cum
765 1473 977 1518 maximis
1002 1472 1154 1519 laetitia
1179 1481 1224 1518 et
1246 1471 1509 1528 alacritate,
1536 1471 1623 1516 ho-

229 1547 630 1596 norificentissime
653 1558 888 1613 exceptuS.

664 1719 998 1765 CAPITULUM
1032 1719 1171 1762 XXII.

223 1835 274 1868 De
293 1833 538 1868 obsidionibus
555 1833 724 1868 Harefluti
742 1843 774 1868 et
793 1834 996 1868 Honnefluti
1013 1843 1045 1868 et
1062 1834 1218 1880 ipsorum
1237 1832 1502 1879 recuperatione
1519 1844 1623 1878 supra

548 1895 711 1941 Anglicos
722 1920 731 1936 ‚
749 1903 781 1928 et
799 1895 956 1929 similiter
973 1894 1072 1929 castri
1088 1893 1131 1927 de
1147 1894 1290 1940 EssayO.

288 2004 378 2050 Ubi
415 2005 471 2050 ad
511 2004 899 2069 componendum
936 2022 1009 2051 res
1047 2004 1245 2050 civitatis
1290 2012 1430 2065 atque
1462 2003 1621 2066 patriae

222 2081 488 2145 complures
502 2082 828 2143 transegissent
843 2082 957 2139 dies,
979 2080 1310 2127 instantissime
1324 2078 1383 2125 ab
1398 2079 1620 2124 omnibus

220 2156 584 2221 provincialibus
606 2167 793 2218 rogatus
819 2166 887 2203 est
907 2174 986 2203 rex
1004 2166 1071 2215 ut,
1093 2156 1151 2202 ad
1172 2154 1445 2220 pellendum
1464 2154 1618 2216 Angli-

219 2251 300 2280 cos
324 2234 381 2279 de
406 2234 648 2279 Haressutu
671 2244 715 2279 et
739 2233 1044 2291 Honneflutu‚
1063 2233 1142 2296 qui
1169 2232 1286 2277 ostia
1309 2233 1534 2293 Sequanae
1558 2230 1616 2276 ad

218 2310 345 2356 littus
370 2310 508 2356 maris
535 2310 802 2368 observant,
827 2311 1037 2356 animum
1055 2309 1269 2370 viresque
1290 2306 1614 2364 contraheret3

218 2403 328 2433 nam
362 2386 449 2432 illis
482 2386 568 2432 sub
598 2387 855 2449 Anglorum
892 2394 1119 2451 potestate
1141 2385 1468 2442 manentibus,
1496 2394 1617 2430 terra

218 2465 429 2526 marique
443 2464 800 2527 quodammodo
817 2464 993 2510 obsessi
1013 2473 1257 2509 manerent
1274 2499 1284 2520 ‚
1306 2472 1351 2508 et
1368 2463 1616 2508 innumera

216 2544 429 2590 subirent
452 2544 780 2602 incommoda,
817 2561 918 2606 quae
943 2553 987 2589 et
1014 2544 1059 2589 in
1086 2543 1342 2589 maximum
1366 2543 1511 2606 ipsius
1541 2560 1613 2588 re-

216 2625 282 2685 gis
312 2632 355 2668 et
395 2623 536 2667 totius
572 2622 700 2684 regni
725 2621 1028 2684 dispendium
1051 2637 1243 2682 vergere
1274 2629 1482 2684 possent.
1511 2623 1617 2666 Haec

215 2711 369 2746 autem
416 2717 492 2746 rex
530 2701 626 2764 ipse
664 2699 919 2762 prudenter
957 2699 1361 2757 animadvertens,
1405 2708 1447 2743 et
1487 2697 1616 2760 quod

217 2786 540 2842 opportunum
569 2786 751 2839 tempus
786 2775 845 2821 ad
876 2775 968 2820 hoc
999 2775 1179 2821 adforet
1211 2775 1366 2838 potius
1401 2790 1542 2837 quam
1580 2775 1615 2818 si
