2037 3442
731 358 872 392 LIBER
904 356 1141 402 QUARTUS.
1546 350 1620 384 245

238 437 505 483 animalium
545 438 801 499 tergoribus
838 446 1040 481 consutae
1080 437 1184 498 ipsae
1225 431 1525 486 bombardae,
1562 429 1621 474 ab

239 514 375 557 undis
397 515 585 558 marinis
610 515 670 559 ita
690 521 1043 576 protegerentur
1061 513 1283 571 siccaeque
1306 516 1616 561 servarentur,

239 589 367 650 quod
385 605 480 633 non
506 590 659 634 minus
682 590 782 634 usui
806 590 957 633 forent
979 603 1119 650 quam
1138 587 1173 631 si
1193 588 1237 630 in
1259 583 1388 629 arida
1408 593 1451 628 et
1474 582 1621 627 solida

237 674 356 709 terra
380 665 571 709 fuissent
605 665 878 709 collocata-2¹.
906 667 1063 725 Itaque
1088 670 1429 706 tormentorum
1458 667 1501 702 et
1525 658 1621 718 jac-

237 749 369 784 tuum
390 740 653 785 assiduitate
675 750 875 784 castrum
905 740 1056 801 ipsuni
1074 774 1083 792 ,
1109 736 1235 797 quod
1263 751 1345 797 per
1370 742 1477 778 ante
1500 734 1623 777 inex-

238 814 485 876 pugnabile
505 815 764 876 jactabatur
787 815 882 858 fore
899 851 908 869 ,
936 814 994 859 ad
1019 812 1306 857 deditionem
1334 808 1617 864 faciendam,

240 892 453 936 recisiore
471 908 610 953 quam
632 892 768 936 unius
796 892 966 935 niensis
986 889 1134 952 spatio
1150 923 1161 945 ,
1188 885 1490 931 constrictum
1516 883 1617 926 fuit.

301 969 351 1011 In
383 983 476 1028 quo
513 967 739 1029 completa
778 966 860 1011 fuit
892 963 1182 1026 recuperatio
1214 961 1355 1005 totius
1392 962 1621 1003 Norman·-

237 1043 344 1101 niae,
368 1053 585 1088 currente
617 1059 742 1087 anno
767 1042 957 1086 Domini
984 1056 1175 1085 Mccch.
1200 1075 1210 1095 ,
1238 1036 1317 1099 qui
1336 1035 1549 1097 jubilaeus
1578 1044 1622 1078 et

236 1118 392 1178 gratiis
423 1118 587 1180 plenus
623 1128 718 1163 erat
755 1117 1075 1180 apostolorum
1108 1115 1267 1159 limina
1298 1111 1424 1174 apud
1457 1110 1622 1155 urbem

239 1195 431 1238 Romam
454 1196 636 1239 cunctis
670 1195 852 1238 visitare
879 1190 1158 1236 volentibus.
1187 1192 1301 1245 Quae
1334 1188 1476 1232 totius
1505 1188 1622 1231 Nor-

237 1269 433 1313 manniae
457 1269 746 1331 recuperatio
768 1269 884 1312 infra
910 1269 1047 1312 unius
1071 1267 1180 1312 anni
1206 1266 1457 1310 decursum
1480 1272 1624 1326 caepta

235 1354 651 1407 consummataque
674 1345 858 1389 exstitit.
886 1347 1016 1388 Facta
1031 1344 1156 1388 enim
1177 1342 1263 1386 suit
1279 1340 1453 1386 deditio
1478 1343 1625 1385 Caesa-

235 1420 454 1481 ris-Burgi
479 1421 579 1483 ipso
599 1421 674 1466 die
694 1438 807 1482 quo,
830 1437 954 1465 anno
975 1419 1231 1482 superiore,
1258 1415 1624 1461 Pons-Odomari

234 1512 257 1540 a
274 1497 400 1556 regio
423 1497 621 1541 exercitu
639 1506 927 1559 expugnatus
947 1496 1249 1558 direptusque
1269 1492 1416 1537 fuerat
1435 1509 1443 1535 :
1466 1492 1511 1536 in
1529 1508 1623 1553 quo

233 1573 373 1617 armis
397 1583 441 1617 et
465 1574 623 1618 castris
653 1574 833 1617 initium
856 1572 1020 1617 eadem
1044 1578 1297 1631 conquesta
1321 1584 1402 1613 seu
1424 1584 1624 1630 recupe-

232 1650 352 1695 ratio
378 1651 588 1713 sumpsit.
616 1651 740 1695 Licet
768 1650 915 1700 enini,
945 1659 993 1693 ut
1017 1664 1156 1710 supra
1180 1646 1445 1695 retulimus,
1470 1643 1623 1706 aliqua

233 1742 314 1788 per
335 1735 463 1784 ante,
493 1736 596 1789 post
624 1724 801 1788 perfide
834 1725 892 1770 al)
915 1724 1069 1784 Anglis
1094 1723 1263 1767 factam
1288 1722 1555 1783 captionem
1580 1729 1623 1765 et

233 1801 543 1865 direptionem
569 1802 731 1864 oppidi
757 1801 815 1846 de
844 1801 1061 1863 Fulgeriis
1085 1800 1131 1844 in
1158 1798 1388 1843 Britannia
1408 1834 1418 1854 ,
1447 1812 1531 1858 per
1554 1796 1625 1840 in-

234 1877 372 1923 sidias
406 1888 450 1923 et
471 1878 758 1923 vaframenta
791 1887 978 1939 recepta
1014 1877 1204 1921 fuissent
1227 1890 1252 1919 a
1285 1873 1489 1931 Francis,
1528 1889 1624 1918 non

237 1962 389 1998 tamen
409 1954 561 1999 adhuc
580 1953 732 2016 palam
754 1963 1018 2015 treugarum
1037 1962 1230 2014 ruptura
1246 1949 1477 1995 declarata
1494 1949 1629 1993 exsti-

236 2038 374 2088 terat,
397 2046 484 2075 nec
501 2030 674 2093 oppida
693 2031 846 2092 aliqua
863 2047 941 2075 seu
961 2030 1165 2074 civitates
1183 2028 1382 2073 exercitu
1406 2036 1448 2070 et
1469 2026 1627 2070 castris

291 2158 327 2192 1.
364 2172 378 2186 «
398 2156 491 2191 Cum
508 2154 625 2190 nostri
645 2153 692 2191 ab
712 2162 870 2203 utraque
894 2163 999 2203 parte
1019 2151 1214 2189 tormentis
1236 2159 1272 2188 et
1294 2150 1434 2187 insultu
1453 2149 1629 2186 Caesaris-

238 2217 402 2263 Burgum
424 2226 642 2263 expugnare
664 2214 822 2260 vellent,
846 2213 910 2249 diu
935 2221 970 2249 et
993 2213 1152 2249 multum
1178 2220 1264 2247 ante
1289 2211 1327 2246 in
1354 2208 1469 2246 animi
1487 2216 1630 2244 secreto

236 2273 399 2309 consiliis
418 2272 654 2322 excogitati5‚
674 2271 809 2320 quibus
829 2280 1041 2321 opportune
1061 2270 1252 2307 machinas
1269 2269 1449 2317 adaptare
1462 2275 1628 2317 possent,

235 2341 320 2368 ante
340 2331 623 2381 Cesaris-Burgi
647 2331 814 2375 vultum,
833 2331 871 2365 in
891 2343 1013 2366 arenae
1035 2343 1184 2379 campo,
1206 2328 1269 2377 qui
1292 2328 1337 2364 de
1362 2327 1421 2363 ‹tie
1442 2326 1528 2362 bina
1551 2326 1631 2362 vice

236 2391 408 2427 fluctibus
440 2390 552 2426 maris
578 2389 761 2438 operitur,
793 2388 949 2424 solidam
977 2389 1057 2425 solo
1085 2388 1318 2436 adaequatam
1351 2385 1491 2421 silicem
1523 2397 1632 2434 repe-

236 2450 356 2494 riunt,
379 2461 492 2497 supra
513 2460 640 2496 quam,
664 2447 815 2497 egregia
834 2455 869 2483 et
892 2447 1013 2483 invisa
1031 2446 1185 2489 astutia,
1206 2444 1384 2495 magister
1403 2442 1627 2492 Gyraudus,

237 2507 284 2544 ad
315 2506 569 2543 fulminandos
589 2505 688 2541 vitlae
714 2518 864 2549 muros,
892 2505 1008 2541 latere
1032 2504 1155 2554 pelagi
1182 2512 1294 2539 tenue
1320 2502 1483 2538 munitos
1507 2501 1630 2550 (quod

237 2569 358 2602 Caesar
382 2578 457 2601 non
490 2564 803 2610 animadvertit),
833 2563 1033 2612 quamdam
1060 2561 1306 2599 bombardam
1335 2570 1419 2610 apte
1446 2569 1482 2598 et
1512 2561 1631 2596 forma

236 2625 357 2675 sagaci
379 2624 551 2668 collocat,
575 2631 611 2659 et
629 2622 677 2659 ad
698 2636 736 2659 se
757 2622 1068 2672 cooperiendum,
1085 2629 1240 2671 propter
1256 2621 1446 2656 hostilium
1468 2619 1627 2656 telorum

231 2684 387 2730 jactum,
405 2695 449 2718 ex
465 2681 574 2717 doliis
592 2682 630 2717 in
652 2694 768 2717 unum
784 2681 978 2726 catenatis,
995 2680 1212 2716 mantellum
1233 2678 1430 2716 construit.
1454 2695 1467 2711 n
1488 2677 1637 2714 Robert

236 2740 412 2786 Blondel,
434 2740 457 2775 l.
484 2741 548 2784 IV,
573 2753 605 2775 c.
626 2752 762 2775 xxvm.

289 2801 326 2836 2.
359 2800 406 2833 12
429 2799 657 2834 a0t‘1t1450.
