2037 3442
392 326 466 361 1‘84
765 325 1100 361 HISTORIARUM
1129 325 1305 361 CAROLI
1333 325 1402 360 Vn

390 405 598 469 profecto
627 407 798 450 mirum
833 405 881 450 id
905 405 1051 450 videri
1076 404 1241 464 debet,
1280 421 1388 450 cum
1425 401 1574 450 multo
1609 404 1785 467 majora

390 491 434 526 et
463 482 696 528 deteriora
733 482 862 531 omni
897 482 1035 526 statui
1072 480 1324 526 hominum
1356 481 1426 526 sui
1457 480 1753 544 delphinatus
1772 520 1782 538 ‚

391 569 484 603 tam
523 559 821 604 ecclesiarum
857 559 1055 621 praelatis
1092 574 1233 620 quam
1275 556 1516 603 nobilibus
1552 558 1709 620 patriae
1745 569 1788 604 et

392 633 607 697 plebeiis,
638 635 810 680 damna
840 635 1062 680 intulerit.
1104 635 1319 680 Praelatos
1356 634 1509 693 enim,
1543 634 1788 696 quondam

390 711 627 756 civitatum
650 721 695 756 et
718 722 948 757 terrarum
971 727 1163 757 suarum
1187 711 1407 757 dominos
1423 746 1434 768 ,
1461 720 1504 755 et
1523 712 1606 773 qui
1630 712 1675 756 in
1701 713 1788 757 eis-

389 787 495 832 dem
527 797 572 832 et
594 789 775 850 magnis
801 789 1043 834 territoriis
1067 788 1394 834 omnimodam
1412 788 1787 849 jurisdictionem

387 863 650 921 habebant,
693 866 786 910 suis
829 865 1050 910 dominiis
1094 875 1138 910 et
1180 864 1587 926 jurisdictionibus
1629 866 1701 910 vel
1743 866 1788 910 in

388 948 488 984 toto
517 939 588 985 vel
621 942 667 985 in
692 951 825 1004 parte
849 942 1076 1004 privavit,
1109 940 1195 986 sibi
1225 940 1325 985 fieri
1363 940 1467 985 illos
1501 939 1715 986 subditos
1746 952 1790 986 et

387 1016 607 1063 vassallos
631 1018 942 1081 compellens,
972 1035 1178 1080 quorum
1204 1018 1273 1062 sui
1297 1017 1661 1080 praedecessores
1683 1018 1791 1063 sub-

389 1091 473 1137 diti
496 1103 541 1138 et
563 1093 745 1139 vassalli
769 1110 867 1139 esse
892 1103 1258 1153 consueverant,
1288 1103 1331 1139 et
1348 1093 1451 1155 jure
1474 1094 1572 1156 ipse
1599 1094 1790 1140 debuis-

388 1179 471 1214 set.
509 1169 696 1215 Nobiles
730 1171 889 1234 patriae
926 1171 974 1216 in
998 1170 1139 1216 armis
1162 1180 1205 1216 et
1228 1171 1384 1233 equis,
1414 1172 1627 1232 quamvis
1661 1172 1788 1217 nulla

389 1246 435 1290 id
459 1257 732 1310 exposceret
755 1248 1004 1293 necessitas
1040 1248 1267 1293 utilitasve
1289 1257 1495 1308 urgeret,
1522 1265 1641 1310 saepe
1666 1249 1790 1294 velut

389 1323 449 1368 ad
469 1325 816 1387 expeditionem
839 1324 1055 1370 bellicam
1079 1340 1372 1382 convocans,
1405 1334 1499 1369 tam
1525 1325 1791 1387 frequenter

390 1400 625 1461 fatigabat,
654 1411 705 1446 ut
724 1400 902 1446 nedum
922 1417 1105 1446 annuos
1128 1417 1237 1446 suos
1257 1411 1515 1464 proventus
1539 1418 1591 1446 ac
1615 1401 1791 1446 reditus

390 1494 688 1535 consumere,
716 1495 880 1524 verum
912 1478 1051 1523 etiam
1089 1477 1326 1523 interdum
1361 1478 1643 1540 patrimonia
1677 1494 1784 1536 sua,

390 1555 464 1600 vel
498 1557 767 1618 portionem
792 1572 925 1601 suam
949 1555 1155 1617 aliquam
1175 1592 1185 1612 ,
1212 1556 1260 1600 in
1292 1554 1568 1616 hujusmodi
1596 1555 1789 1600 servitiis

392 1632 637 1679 absumere
661 1644 706 1678 et
729 1633 986 1678 distrahere
1005 1642 1302 1695 cogerentur.
1332 1633 1458 1688 Quid
1477 1649 1587 1677 vero
1612 1632 1670 1677 de
1689 1632 1790 1694 ple-

390 1707 531 1753 bibus
556 1709 725 1769 dicam,
755 1726 886 1772 quas,
917 1726 1024 1754 cum
1052 1719 1159 1754 ante
1192 1725 1273 1754 sua
1296 1718 1510 1771 tempora
1536 1725 1560 1753 a
1585 1708 1719 1754 talliis
1745 1719 1790 1754 et

391 1786 596 1831 collectis
635 1788 903 1849 caeterisque
942 1786 1225 1832 immanibus
1256 1786 1581 1844 servitutibus,
1618 1787 1788 1849 quibus

390 1879 586 1923 regnum
627 1866 913 1908 Francorum
935 1863 1071 1925 (116115
1101 1862 1223 1926 proh
1252 1861 1439 1924 dolorl)
1479 1863 1703 1908 serviliter
1737 1864 1784 1908 in

390 1940 672 1984 immensum
699 1939 997 2002 opprimitur,
1025 1938 1181 1984 liberae
1207 1955 1303 1984 esse
1327 1940 1697 1995 consuevissent,
1726 1940 1788 1985 ita

393 2026 441 2061 ut
465 2017 615 2078 patria
637 2017 735 2079 ipsa
760 2017 871 2062 olim
896 2017 960 2062 sic
979 2016 1125 2062 libera
1141 2026 1185 2061 et
1208 2017 1453 2079 opulenta,
1481 2016 1604 2061 velut
1622 2016 1788 2062 hortus

390 2093 582 2154 quidam
606 2093 876 2139 deliciarum
905 2093 1123 2138 omnibus
1143 2110 1225 2156 per
1242 2109 1345 2138 eam
1363 2092 1785 2156 peregrinantibus,

389 2168 594 2231 plurium
631 2170 824 2215 aliarum
861 2169 1240 2232 comparatione,
1285 2185 1382 2214 esse
1419 2178 1699 2231 putaretur,
1739 2170 1786 2214 in

390 2254 567 2290 tantam
591 2246 768 2307 redegit
787 2247 1075 2302 servitutem,
1105 2255 1155 2291 ut
1180 2246 1277 2307 jam
1301 2262 1396 2291 non
1423 2246 1683 2291 absimilem
1708 2263 1780 2291 ca-

389 2322 644 2368 lamitatem
665 2323 895 2368 talliarum
922 2332 1288 2383 caeterarumque
1311 2323 1611 2368 exactionum
1632 2321 1787 2367 subire

388 2398 617 2458 habeant,
660 2416 803 2463 quam
849 2399 1107 2444 miserrime
1146 2399 1391 2462 patiuntur
1425 2399 1574 2444 caeteri
1623 2398 1788 2461 populi

390 2476 669 2535 Galliarum,
698 2477 780 2539 qui
802 2476 888 2521 sub
920 2476 1117 2539 imperio
1147 2492 1201 2521 ac
1233 2476 1412 2521 ditione
1441 2476 1559 2538 regis
1582 2479 1787 2521 Franco-

390 2568 494 2595 rum
514 2551 706 2613 degunt.

455 2627 544 2672 Sed
569 2638 611 2672 et
635 2629 732 2690 ipse
756 2628 1044 2686 Ludovicus,
1068 2626 1170 2688 qui,
1198 2627 1324 2672 velut
1346 2644 1372 2672 a
1398 2637 1564 2673 natura
1588 2643 1784 2690 pravum

390 2704 437 2749 in
457 2714 696 2766 parentem
716 2721 974 2766 omnesque
989 2704 1204 2749 homines
1222 2704 1430 2749 animum
1453 2720 1637 2765 gerens,
1660 2719 1786 2747 euin-

391 2781 497 2826 dem
533 2780 822 2825 dissimulare
845 2797 941 2826 non
969 2782 1145 2844 potuit,
1175 2780 1450 2844 [sat]agebat
1486 2782 1531 2826 in
1568 2781 1666 2826 dies
1702 2780 1785 2826 nii-
