2037 3442
613 340 753 374 LIBER
781 339 1043 375 SECUNDUS.
1482 338 1530 372 49

146 437 275 465 mero
310 420 449 466 armis
473 419 591 465 male
615 420 852 465 instructa.
884 423 1024 465 Erant
1062 420 1204 465 duces
1241 435 1405 463 eorum
1438 418 1532 463 dux

149 498 410 555 Alenconii,
439 500 667 553 Joannes,
709 513 866 542 comes
889 497 947 542 de
980 495 1282 550 Alba-Malam
1308 505 1351 540 et
1380 495 1534 557 plures

147 572 223 617 alii
257 573 457 618 barones
486 582 529 617 et
563 572 790 635 capitanei
820 572 878 617 (16
914 573 1014 634 ipso
1054 588 1198 632 regno
1230 571 1446 616 Franciae.
1482 573 1536 614 Et

146 649 253 710 quia
279 649 472 710 Anglici,
501 665 583 711 per
619 665 726 692 suos
758 649 1014 709 sagittarios
1039 657 1323 710 pugnantes,
1359 645 1538 708 pedites

148 726 352 770 Francos
386 741 504 787 saepe
530 733 897 787 prostraverant,
931 722 1223 785 providentia
1258 731 1424 766 contra
1448 720 1539 765 hoc

148 817 232 862 per
255 816 471 863 proceres
493 800 621 860 regni
644 799 856 845 adhiberi
876 798 1049 843 credita
1071 807 1162 851 cst,
1189 797 1225 841 si
1248 795 1541 859 pedestribus

149 877 295 938 copiis
320 877 661 937 sagittariorum
684 892 738 920 ex
770 874 928 936 Anglia
946 883 1300 936 opponerentur
1323 871 1543 934 quadrin-

151 962 297 1013 gentae
324 952 397 997 vel
419 952 681 1013 quingentae
704 952 873 996 lanceae
906 967 960 995 ex
984 949 1148 995 Italicis
1183 947 1428 1006 militibus,
1463 947 1543 1008 qui

151 1029 317 1087 armis,
343 1038 436 1073 tam
467 1029 553 1073 viri
587 1045 727 1090 quain
759 1027 865 1088 equi
891 1042 1079 1084 eorum,
1108 1027 1284 1089 optime
1310 1025 1539 1088 protecti,

153 1105 420 1165 sagittarum
448 1104 561 1148 nibil
592 1106 967 1167 pertimescentes
995 1103 1139 1160 ictus,
1167 1102 1433 1165 pedestrem
1456 1104 1546 1146 An-

154 1182 334 1242 glorum
358 1181 700 1241 sagittariorum
722 1179 929 1225 militiam
944 1214 955 1236 ,
979 1179 1026 1223 in
1046 1195 1136 1240 qua
1157 1179 1451 1241 potissimum
1476 1176 1548 1221 sui

154 1257 379 1302 exercitus
416 1256 562 1302 robur
599 1267 642 1303 et
666 1257 784 1301 vires
819 1256 971 1301 solent
1004 1255 1281 1315 consistere,
1322 1256 1551 1319 irrumpe-

155 1342 285 1389 rent,
317 1342 359 1378 et
395 1349 558 1378 eorum
594 1332 807 1377 ordinem
836 1331 1187 1395 perturbarent,
1216 1349 1296 1377 eos
1321 1334 1472 1378 contis
1505 1344 1551 1379 et

154 1408 325 1453 lanceis
349 1409 650 1471 proterendo.
672 1408 828 1453 Talem
846 1408 999 1470 itaque
1019 1409 1174 1453 militis
1198 1408 1341 1453 Italici
1358 1426 1551 1455 manum

156 1500 313 1529 secum
337 1486 500 1530 Franci
525 1495 636 1530 tunc
658 1484 965 1530 habuem11t2.

222 1564 256 1605 E
280 1561 463 1606 diverso
488 1578 599 1607 vero
624 1561 802 1622 Anglici
825 1577 922 1606 non
947 1561 1147 1622 segniter
1171 1560 1310 1606 rebus
1334 1562 1427 1607 suis
1450 1579 1555 1625 pro-

158 1636 405 1694 videbant,
434 1638 516 1682 sed
541 1637 599 1682 ad
628 1637 934 1700 praeliandum
964 1637 1083 1682 acies
1112 1653 1217 1682 suas
1241 1637 1548 1698 ordinabant,

159 1730 211 1759 ex
231 1714 364 1759 terris
389 1730 491 1775 quae
517 1714 603 1759 sibi
627 1713 855 1776 parebant
877 1713 1086 1776 undique
1111 1714 1258 1776 copiis
1281 1715 1555 1778 auxiliisque

159 1791 425 1836 contractis.
451 1794 560 1837 Erat
576 1792 717 1836 totius
744 1792 998 1854 imperator
1020 1791 1275 1852 Anglorum
1300 1793 1552 1849 exercitus,

162 1885 301 1930 quem
341 1867 663 1931 praediximus,
694 1867 971 1913 Bethsordiae
1007 1867 1127 1925 dux,
1154 1877 1348 1931 patruus
1384 1870 1556 1931 Anglo-

163 1961 268 1989 rum
291 1945 410 2006 regis
434 1954 479 1990 et
502 1944 588 1989 sub
622 1961 678 1989 eo
702 1944 904 1989 Franciae
928 1943 1226 2005 gubernator.
1253 1947 1394 1990 Erant
1418 1955 1462 1991 et
1487 1963 1557 1992 se-

165 2037 272 2065 cum
298 2021 553 2083 Anglorum
587 2020 893 2065 strenuissimi
917 2020 1058 2065 duces
1081 2036 1239 2065 comes
1258 2021 1558 2067 Salisberien-

167 2097 226 2141 sis
241 2106 285 2142 et
299 2097 520 2142 dominus
535 2097 592 2142 de
612 2096 792 2154 Talbot,
808 2113 964 2142 comes
976 2096 1271 2143 Cherosberii
1286 2099 1314 2156 ³,
1336 2098 1559 2145 dominus

222 2221 258 2256 ’1.
289 2221 398 2265 Jean,
417 2219 488 2255 duc
506 2218 729 2267 d’Alencon,
746 2218 945 2256 deuxieme
965 2218 1014 2256 du
1034 2232 1136 2265 nom,
1160 2227 1195 2256 et
1210 2222 1303 2256 Jean
1317 2220 1557 2266 d’Harcourt‚

168 2277 250 2323 deja
268 2277 485 2314 mentionne
503 2276 702 2323 ci-dessus,
724 2290 762 2326 p.
786 2280 826 2313 11
842 2308 849 2315 .

221 2338 258 2374 ⁶2.
295 2354 310 2369 «
334 2336 426 2372 L'an
446 2335 648 2385 precedent
668 2337 799 2382 (1423)
822 2336 979 2372 estoient
1004 2336 1150 2373 arrivez
1176 2349 1222 2373 en
1245 2339 1388 2374 France
1408 2338 1562 2377 messire

167 2394 358 2431 Theaulde
374 2395 420 2431 (le
433 2394 658 2444 Valpeigue,
675 2394 829 2430 messire
842 2397 964 2431 Borne
985 2394 1031 2431 de
1054 2397 1250 2444 Caqueran
1267 2404 1303 2432 et
1320 2397 1471 2433 messire
1490 2401 1565 2435 Lu-

169 2455 260 2502 quin
279 2453 360 2499 Riz,
376 2454 539 2502 lesquelz
553 2454 616 2502 luy
635 2453 881 2490 admonerent
899 2454 945 2490 de
959 2467 1027 2504 par
1046 2454 1081 2490 le
1096 2454 1169 2490 duc
1187 2454 1233 2491 de
1262 2455 1376 2491 Milan
1397 2456 1452 2493 six
1475 2470 1563 2494 cens

170 2512 294 2548 lances
314 2520 350 2548 et
368 2512 470 2548 mille
490 2511 660 2548 hommes
681 2514 699 2548 a
717 2511 818 2561 pied.
841 2528 856 2544 »
881 2512 1021 2551 Chron.
1044 2512 1090 2549 de
1108 2513 1215 2549 Berri
1232 2512 1324 2550 dans
1343 2515 1563 2562 Gomzmov,

171 2574 333 2607 Histoire
348 2573 394 2606 de
416 2571 568 2607 (Ἰωνίης
588 2573 678 2616 VII,
706 2583 743 2620 p.
772 2572 860 2607 370.

224 2631 260 2665 3.
292 2629 455 2665 Thomas
474 2631 691 2679 Montagiie,
706 2637 828 2666 comte
848 2629 893 2666 de
907 2628 1115 2678 Salisbury,
1131 2637 1167 2666 et
1184 2629 1269 2665 lord
1280 2629 1426 2675 Talbot,
1445 2640 1567 2668 comte

171 2687 219 2724 de
256 2686 517 2737 Shrewsbury.
552 2690 730 2724 L’auteur
760 2688 885 2725 donne
917 2691 936 2725 a
963 2700 1005 2725 ce
1038 2688 1188 2725 dernier
1221 2701 1456 2741 personnage
1493 2704 1568 2728 une

171 2746 425 2795 qualification
441 2746 693 2795 prematuree.
710 2746 812 2783 Lord
827 2746 958 2784 Talbot
980 2759 1027 2783 ne
1045 2747 1098 2783 fut
1116 2755 1237 2783 comte
1257 2747 1303 2784 de
1322 2747 1569 2798 Shrewsbury

171 2808 284 2855 qu’en
306 2807 422 2845 1442.

275 2889 289 2912 1
1362 2879 1385 2913 4
