2037 3442
436 365 510 400 150
818 360 1157 398 HISTORIARUM
1184 361 1361 397 CAROLI
1389 363 1458 398 VII

433 461 571 491 suum
600 442 893 506 deposuisset
918 442 1214 502 universum,
1252 443 1336 504 qui
1364 443 1575 506 profecto
1610 454 1707 490 erat
1730 461 1825 490 non

432 523 587 566 minus
605 536 746 583 quam
769 519 933 565 decem
950 518 1149 565 millium
1172 520 1383 580 equitum
1402 556 1412 577 ‚
1439 520 1554 567 alios
1576 521 1829 583 Anglorum

432 597 667 660 principes
700 612 753 642 ac
786 595 930 641 duces
953 605 1261 641 contemnens
1279 632 1290 652 ,
1318 596 1397 658 qui
1414 597 1689 660 Rothomagi
1711 598 1828 643 exsi-

432 673 632 732 stebant,
647 674 860 736 regimini
882 674 1022 719 totius
1041 672 1295 736 provinciae
1312 672 1651 732 incumbentes,
1674 675 1734 720 ad
1757 690 1829 720 ar-

432 768 547 797 cana
575 751 790 814 quaedam
814 750 1135 813 exsequenda,
1168 766 1272 813 quae
1301 750 1438 795 sciret
1461 750 1586 796 solus
1613 768 1699 796 nec
1730 752 1830 796 cui-

431 844 576 891 quam
629 827 930 887 mortalium,
982 826 1135 872 donec
1192 826 1548 872 absolverentur
1569 863 1580 884 ,
1639 827 1831 872 duceret

430 905 681 951 revelanda
705 921 787 950 seu
809 903 1220 964 communicanda,
1243 904 1456 949 animum
1473 902 1692 949 intendit.
1714 905 1831 949 Cum

431 981 556 1026 enim
606 982 679 1027 vel
717 998 742 1027 a
777 981 977 1026 ducibus
1023 981 1095 1027 vel
1140 997 1168 1026 a
1215 980 1471 1039 militibus,
1510 980 1682 1043 quibus
1737 991 1832 1027 erat

430 1059 685 1121 imperator
710 1057 872 1115 datus,
907 1073 1027 1120 saepe
1058 1057 1117 1102 de
1145 1074 1201 1103 6ο
1237 1057 1368 1120 quod
1402 1074 1536 1120 agere
1570 1057 1833 1102 intenderet

430 1153 511 1181 seu
533 1145 822 1199 proponeret
843 1136 1226 1197 interrogaretur,
1255 1150 1428 1196 magno
1451 1151 1561 1179 cum
1588 1134 1732 1178 animi
1752 1143 1833 1179 tu—

430 1230 563 1258 more
589 1222 634 1258 et
657 1212 905 1275 supercilio
932 1212 1087 1274 gravi,
1121 1211 1239 1256 nihil
1264 1211 1392 1257 aliud
1415 1212 1464 1257 in
1492 1213 1726 1274 responsis
1748 1211 1831 1256 da-

430 1289 534 1345 bat,
570 1299 622 1334 ut
658 1288 800 1350 vulgo
837 1288 948 1333 hinc
985 1287 1250 1346 ferebatur,
1299 1287 1389 1332 nisi
1427 1287 1583 1349 quod,
1622 1288 1658 1332 si
1697 1287 1835 1332 sciret

429 1366 603 1412 lincam
639 1365 908 1424 camisiam,
944 1381 1087 1427 quam
1129 1365 1189 1411 ad
1229 1381 1420 1410 carnem
1456 1364 1709 1423 vestiebat,
1743 1380 1835 1409 suae

429 1441 704 1486 intentionis
735 1452 779 1485 et
808 1441 1039 1504 propositi
1062 1441 1161 1486 sore
1196 1442 1462 1496 consciam,
1499 1457 1601 1486 eam
1622 1440 1836 1503 protinus

431 1518 751 1564 combustioni
786 1516 1122 1563 contraderet:
1162 1527 1258 1563 tam
1296 1518 1470 1564 elatum
1502 1527 1644 1579 atque
1683 1532 1837 1562 secre-

433 1604 534 1639 tum
566 1611 665 1640 6556
701 1593 923 1658 cupiebat
957 1593 1160 1639 arduum
1192 1594 1310 1640 illud
1344 1604 1389 1640 et
1424 1594 1651 1640 eximium
1683 1609 1831 1657 opus,

433 1673 563 1735 quod
582 1690 629 1718 56
644 1673 1010 1736 adimpleturum
1028 1672 1116 1717 sibi
1134 1673 1232 1736 ipse
1245 1671 1551 1737 promiserat!
1573 1671 1714 1727 Quod
1738 1670 1835 1731 ejus

435 1750 595 1812 utique
622 1751 918 1813 propositum
937 1787 948 1809 ⁷
979 1750 1038 1795 de
1069 1750 1354 1795 occultando
1380 1767 1483 1813 quae
1512 1765 1645 1812 agere
1675 1748 1834 1793 animo

435 1828 643 1888 gestiret⁷
682 1828 838 1890 ipsum
878 1843 975 1871 non
1011 1843 1203 1890 prorsus
1246 1843 1334 1872 nec
1369 1828 1566 1871 omnino
1603 1824 1830 1870 fefellerit.

434 1904 562 1951 Adeo
583 1905 710 1950 enim
727 1913 956 1949 secretum
976 1905 1248 1968 permansit‚
1269 1914 1319 1948 ut
1342 1903 1558 1948 nondum
1580 1902 1693 1965 quid
1712 1918 1837 1946 exse-

436 1983 515 2045 qui
542 1983 754 2044 gestiret7
782 1998 870 2027 nec
892 1997 919 2026 a
942 1997 1013 2040 567
1041 1997 1127 2026 1160
1157 1980 1215 2026 ab
1246 1981 1337 2026 alio
1364 1981 1473 2026 satis
1507 1979 1567 2024 ad
1602 1978 1837 2039 liquidum

435 2059 689 2122 comperiri
733 2058 938 2121 potuerit
968 2075 976 2101 :
1013 2067 1109 2102 tam
1142 2058 1281 2120 parvi
1303 2057 1533 2102 momenti
1572 2065 1617 2100 et
1663 2054 1836 2100 nullius

436 2137 650 2183 efficaciae
674 2136 862 2181 fuerunt
876 2135 953 2181 illa
976 2151 1077 2197 qnae
1100 2151 1259 2196 gerere
1280 2144 1347 2179 est
1366 2150 1607 2196 aggressus
1629 2131 1637 2178 1

501 2213 676 2277 Spretis
711 2213 850 2274 igitur
874 2212 1088 2257 omnium
1114 2211 1384 2256 mortalium
1419 2210 1654 2270 consiliis⁷
1693 2210 1834 2256 solius

436 2292 505 2337 sui
544 2290 693 2335 fidens
728 2299 773 2334 et
796 2306 887 2334 suae
926 2289 1111 2333 innixus
1143 2287 1403 2351 prudentiae
1425 2327 1436 2343 ,
1476 2288 1713 2333 associatis
1752 2288 1838 2333 sibi

438 2367 594 2413 multis
620 2384 675 2412 ex
714 2366 944 2411 veteranis
979 2365 1179 2410 ducibus
1215 2374 1259 2409 et
1294 2363 1518 2409 militibus
1551 2364 1832 2427 Anglorum,

438 2446 518 2507 qui
554 2445 636 2489 diu
661 2445 709 2489 in
734 2443 926 2488 Francia
951 2442 1226 2501 militarant,
1262 2441 1322 2486 ad
1347 2440 1462 2487 fines
1487 2442 1731 2487 Britanniae
1756 2445 1838 2486 Ar-

440 2522 626 2566 moricae
649 2521 904 2566 exercitum
927 2519 1150 2576 admovit,
1170 2518 1249 2564 ubi
1273 2519 1482 2582 quodam
1499 2529 1652 2564 castro
1670 2519 1839 2564 nullius

438 2613 569 2660 paene
593 2598 839 2656 momenti,
867 2597 1009 2659 vulgo
1036 2595 1269 2660 appellato
1299 2597 1596 2659 Laguiersae¹7
1623 2604 1834 2658 recepto,

493 2781 530 2816 1.
561 2778 667 2816 Lisez
686 2783 742 2814 La
761 2781 937 2816 Guerche.
960 2781 1057 2815 C’est
1076 2778 1112 2814 la
1131 2778 1304 2815 Guerche
1325 2778 1371 2814 de
1393 2781 1578 2830 Bretagne
1599 2776 1833 2825 (Ille-et-Vi-

441 2839 556 2885 laine)
570 2867 580 2885 ‚
599 2837 664 2887 qui
685 2837 920 2888 appartenait
939 2837 1038 2873 alors
1061 2850 1109 2873 au
1129 2836 1202 2873 duc
1223 2836 1443 2884 d'Alencon.
