2037 3442
721 316 866 352 LIBER
893 315 1133 360 QUARTUS.
1559 317 1628 353 191

235 401 346 444 Erat
378 399 504 443 enim
543 398 699 443 multis
744 396 1047 460 popularium
1082 412 1250 442 exosus
1291 413 1348 442 ex
1382 413 1437 443 ea
1465 405 1630 455 causa,

233 474 365 537 quod
386 491 469 538 pro
486 476 657 537 treugis
671 491 779 520 cum
790 474 977 520 Francis
994 473 1213 519 ineundis
1232 475 1634 537 prorogandisque

234 551 470 596 multoties
496 550 775 608 laborasset,
811 559 855 595 et
887 565 1005 611 saepe
1035 559 1286 612 propterea
1320 551 1366 595 in
1392 552 1633 597 Franciam

234 628 503 688 trajecisset.

301 703 507 748 Aliorum
545 714 701 749 autem
735 701 1004 766 principum
1038 700 1210 761 Angliae
1246 700 1418 759 caedes,
1458 719 1560 763 quae
1584 704 1632 748 in

231 779 449 824 civilibus
478 781 571 825 suis
609 776 978 825 dissensionibus
1011 775 1140 820 sactae
1175 776 1379 834 fuerunt⁷
1415 788 1578 839 postea
1607 796 1633 825 a

233 858 369 903 nobis
392 875 477 902 suo
506 858 670 903 ordine
696 867 834 918 atque
864 854 970 899 loco
999 854 1383 916 perstringentur.
1422 857 1533 900 Post
1559 856 1634 900 de-

230 935 459 980 ditionem
490 944 672 988 autem,
703 949 800 978 non
832 939 998 994 sponte
1016 965 1027 986 ⁷
1055 929 1135 974 sed
1165 939 1326 975 coacte
1349 929 1409 975 ab
1433 931 1633 991 Anglicis

229 1012 396 1056 factam
422 1014 841 1056 Cenomannorum
861 1006 1075 1063 civitatis,
1103 1005 1283 1063 indies,
1311 1008 1527 1068 quamvis
1548 1008 1631 1053 ad-

229 1085 322 1130 huc
339 1096 507 1147 treugae
529 1102 610 1148 per
631 1083 804 1129 multos
823 1098 1004 1127 menses
1021 1081 1314 1144 desponsatae
1334 1094 1488 1128 essent
1508 1083 1630 1130 ultro

227 1162 440 1222 citroque
464 1161 715 1219 duraturae,
742 1157 1067 1204 increscebant
1083 1167 1241 1203 tamen
1261 1158 1390 1217 odia,
1421 1170 1466 1205 et
1484 1162 1631 1223 parti-

227 1237 407 1282 culares
437 1238 599 1282 dietim
632 1237 778 1283 caedes
811 1238 858 1281 in
883 1235 1135 1280 limitaneis
1161 1234 1336 1282 finibus
1362 1247 1456 1283 tam
1486 1241 1629 1285 Fran-

227 1330 394 1358 corum
418 1330 559 1375 quam
584 1314 863 1376 Anglorum,
890 1327 994 1375 quae
1016 1311 1089 1356 vel
1108 1312 1351 1372 insidiose,
1382 1315 1455 1360 vel
1487 1315 1629 1362 etiam

225 1391 272 1435 in
294 1391 455 1453 patulo
475 1391 798 1454 patrabantur.

697 1586 1035 1630 CAPITULUM
1071 1586 1148 1628 XI.

320 1717 510 1762 Quomodo
529 1717 601 1751 dux
618 1718 841 1751 Summerseti
857 1726 1029 1751 assecutus
1045 1726 1093 1751 est
1108 1718 1262 1764 regimen
1280 1719 1519 1754 Normanniae.

286 1841 487 1883 Venerat
512 1846 670 1882 autem
693 1835 788 1880 dux
820 1836 1151 1881 Summerseti¹
1179 1836 1226 1881 in
1255 1839 1622 1900 Normanniam‚

222 1915 388 1960 missus
412 1931 466 1959 ex
492 1913 653 1976 Anglia
673 1912 731 1958 ad
758 1912 1010 1973 regendam
1034 1913 1354 1975 provinciam3
1382 1932 1469 1978 pro
1494 1917 1625 1978 cujus

220 1992 425 2054 regentia
447 1991 527 2036 diu
551 1991 846 2052 multumque
870 1990 990 2034 inter
1012 2006 1119 2034 eum
1145 2000 1191 2035 et
1222 1990 1392 2036 ducem
1424 1992 1625 2039 Eboraci

222 2069 369 2114 suerat
392 2078 530 2113 antea
551 2076 890 2113 concertatum.
915 2065 1124 2112 Habebat
1143 2068 1340 2131 quisque
1360 2069 1407 2114 in
1427 2071 1623 2116 consilio

218 2146 338 2208 regis
355 2145 612 2207 Anglorum
629 2143 931 2206 quamplures
944 2160 1132 2190 suarum
1148 2146 1353 2208 partium
1368 2147 1619 2209 studiosos,

219 2233 265 2268 et
295 2222 598 2268 vehementer
625 2231 822 2283 uterque
846 2237 1009 2267 eorum
1042 2222 1101 2268 ad
1135 2223 1485 2286 assequendum
1510 2242 1624 2288 pro-

217 2300 380 2346 vinciae
394 2300 601 2361 regimen
616 2298 899 2362 adspirabat.
918 2298 1052 2344 Unde
1069 2299 1224 2345 evenit
1247 2309 1295 2345 ut
1313 2317 1398 2363 per
1421 2301 1623 2348 fautores

215 2487 238 2521 9
260 2483 461 2520 decembre
478 2483 580 2519 4449
593 2513 602 2530 ‚
623 2481 688 2532 qui
712 2489 767 2518 est
785 2494 859 2518 une
878 2481 1052 2532 dispense
1072 2482 1119 2520 de
1136 2490 1218 2519 tout
1233 2482 1379 2521 service
1397 2483 1621 2536 obligatoi're'

213 2542 395 2579 accon-dee
415 2544 435 2578 a
457 2542 630 2591 l⁷eveque
651 2543 672 2577 a
691 2555 802 2578 cause
822 2541 869 2578 de
889 2555 957 2578 son
976 2542 1096 2593 grand
1117 2545 1209 2593 age3
1242 2542 1378 2580 l'autre
1402 2543 1453 2581 du
1475 2547 1523 2582 30
1546 2547 1620 2583 mai

214 2604 315 2638 1450
331 2630 341 2647 ,
381 2603 431 2637 ou
471 2600 656 2651 Reginald
670 2629 679 2647 ‚
715 2601 861 2650 echue
900 2600 1090 2651 d⁷Aspaw,
1122 2609 1178 2638 est
1213 2602 1433 2639 mentionne
1470 2617 1619 2643 comme

214 2659 396 2697 transfere
418 2659 550 2710 depuis
575 2673 648 2709 peu
669 2661 688 2695 a
712 2659 883 2696 l'eveche
903 2659 950 2697 de
969 2660 1200 2699 Chichester.
1234 2663 1385 2699 Notices
1404 2672 1442 2699 et
1459 2666 1618 2701 extraits

212 2723 276 2755 Aes
295 2723 538 2765 manuscr-izv,
566 2727 590 2755 t.
615 2721 631 2754 Ι
647 2748 655 2763 ,
679 2733 716 2769 p.
737 2721 828 2755 427.

266 2782 302 2815 1.
330 2776 505 2815 Edmond
527 2779 730 2825 Beaufort,
752 2777 826 2814 duc
845 2778 893 2814 de
913 2780 1114 2815 Somerset.
