2037 3442
347 340 394 374 88
728 335 1067 372 HISTORIARUM
1093 334 1273 369 CAROLI
1300 336 1369 370 VII

344 418 469 463 enim
497 416 728 479 oppidum
749 414 985 460 moenibus
1008 423 1052 459 et
1078 413 1198 459 vallo
1223 414 1331 459 satis
1358 414 1560 459 tenuiter
1587 424 1632 459 et
1657 416 1748 459 exi-

343 495 445 539 liter
468 496 702 538 munitum
726 492 871 549 foret,
900 502 1031 538 erant
1062 502 1219 537 tamen
1245 492 1368 537 intus
1390 491 1748 537 fortissimorum

342 586 397 615 ex
420 569 606 615 Francis
628 578 672 614 et
688 569 837 614 Scotis
853 569 1066 614 virorum
1086 568 1240 614 valida
1256 568 1490 631 praesidia⁷
1513 568 1593 630 qui
1608 604 1619 626 ⁷
1642 584 1751 613 cum

344 663 502 692 rerum
525 645 803 691 bellicarum
828 655 873 691 et
890 645 1198 691 tutandarum
1218 645 1396 691 arcium
1417 661 1470 690 ac
1490 645 1749 691 defenden-

342 722 507 768 darum
535 722 673 786 periti
700 732 879 780 essent,
905 732 1069 767 contra
1093 722 1354 784 Anglorum
1389 738 1682 783 aggressuras
1706 732 1750 767 et

343 800 588 845 molimina
628 799 977 862 vigilantissime
1013 798 1221 845 remedia
1255 798 1577 863 apponebant.
1617 799 1752 844 Unde

342 877 515 922 factum
541 886 610 922 est
642 886 695 921 ut
729 876 931 938 Anglici,
960 877 1067 922 licet
1090 876 1181 921 illic
1214 893 1323 922 cum
1356 875 1515 922 valido
1547 876 1750 921 exercitu

341 952 422 997 diu
447 953 555 998 satis
577 962 728 998 castra
755 954 1037 1012 tenuissent,
1061 953 1217 1015 ipsum
1242 962 1399 997 tamen
1422 951 1651 1015 oppidum
1679 968 1754 997 ex—

342 1046 554 1092 pugnare
578 1029 772 1075 minime
794 1038 1067 1092 potuerunt.
1097 1032 1244 1076 Porro
1271 1046 1381 1074 cum
1404 1028 1603 1074 obsessis
1626 1028 1755 1074 nulla

343 1106 402 1151 de
441 1107 553 1152 foris
592 1106 867 1152 victualium
904 1115 950 1151 et
986 1123 1146 1152 rerum
1180 1105 1549 1151 necessariarum
1592 1104 1755 1151 solatia

344 1184 676 1246 provenirent,
703 1182 803 1228 dira
828 1183 1020 1228 tandem
1044 1183 1167 1228 fame
1190 1199 1246 1229 ex
1270 1182 1494 1246 temporis
1518 1181 1755 1227 diuturni-

344 1270 438 1306 tate
462 1260 699 1306 constricti
726 1269 850 1307 sunt.
880 1259 1022 1316 Quod
1047 1277 1145 1305 non
1163 1251 1423 1306 nescientes
1443 1259 1632 1317 Franci,
1656 1276 1755 1320 gra-

348 1337 584 1382 vissimam
620 1337 852 1398 jacturam
890 1346 1192 1400 reputantes⁷
1230 1336 1265 1381 si
1302 1335 1531 1399 oppidum
1566 1336 1721 1398 ipsum
1740 1372 1751 1393 ‚

346 1412 478 1475 quod
501 1412 561 1458 ad
585 1413 855 1459 venandam
879 1413 1254 1477 capiendamque
1277 1412 1532 1475 aliquando
1566 1429 1645 1457 seu
1679 1428 1755 1456 re-

347 1489 670 1553 cuperandam
709 1491 1017 1536 Parisiensem
1050 1490 1248 1550 urbem⁷
1290 1490 1655 1536 instrumentum
1690 1490 1756 1535 eis

349 1566 511 1613 efficax
537 1584 636 1613 6556
664 1577 875 1631 poterat,
905 1567 1043 1613 simul
1069 1569 1210 1614 etiam
1245 1568 1282 1612 si
1308 1578 1352 1613 et
1382 1567 1507 1613 illam
1532 1567 1754 1612 strenuis-

349 1646 517 1690 simam
540 1645 771 1704 militiam,
799 1663 901 1709 quae
925 1646 1018 1692 illic
1041 1655 1154 1704 erat,
1182 1645 1419 1709 perditum
1442 1645 1497 1690 iri
1522 1662 1605 1708 per
1625 1646 1755 1706 igna-

350 1722 474 1767 viam
498 1732 578 1767 aut
601 1732 843 1786 torporem
868 1724 1193 1786 permitterent
1216 1757 1227 1780 ,
1256 1722 1374 1767 duce
1397 1721 1562 1766 illustri
1586 1721 1757 1766 comite

350 1799 592 1859 Dunensi‚
621 1799 680 1844 de
714 1817 810 1862 quo
847 1817 990 1863 supra
1022 1802 1120 1862 jam
1149 1800 1388 1846 multoties
1426 1800 1753 1856 meminimus,

351 1875 550 1921 obsessis
576 1892 851 1922 succursum
875 1877 1194 1940 auxiliumque
1229 1877 1462 1936 tuleruut3
1491 1878 1758 1940 irrumpen—

351 1962 513 2014 tesque
530 1952 577 1997 in
595 1953 851 2015 Anglorum
866 1956 1175 2001 munitissima
1195 1965 1365 2014 castra,
1388 1972 1471 2018 per
1488 1972 1591 2017 quac
1605 1954 1758 1999 solum

353 2029 413 2074 ad
437 2030 668 2094 oppidum
691 2032 880 2094 patebat
912 2033 1171 2095 ingressus,
1203 2035 1329 2080 caesis
1364 2034 1623 2095 fugatisque
1658 2035 1759 2078 An—

354 2104 483 2165 glicis
521 2105 644 2151 ferro
681 2117 727 2152 et
760 2108 932 2166 armis,
960 2110 1174 2172 pervium
1211 2110 1298 2154 sihi
1334 2110 1421 2154 iter
1451 2109 1511 2154 ad
1545 2108 1761 2154 obsessos

355 2182 593 2242 fecerunt,
622 2201 823 2231 annonae
852 2196 897 2232 et
927 2203 1084 2232 rerum
1124 2187 1295 2249 quibus
1326 2187 1526 2232 maxime
1550 2187 1761 2250 inopiam

356 2269 647 2322 paterentur,
669 2279 829 2308 secum
854 2263 913 2309 ad
937 2264 1129 2310 eosdem
1150 2264 1315 2310 solatia
1338 2263 1619 2310 deferentes.
1644 2267 1763 2310 Cum

357 2347 514 2383 autem
530 2338 627 2384 dux
647 2339 943 2401 Bethfordiae7
965 2358 1062 2387 non
1079 2341 1257 2405 absque
1278 2357 1449 2403 magua
1466 2342 1611 2388 animi
1626 2358 1764 2388 moes-

357 2413 479 2472 titia,
507 2431 580 2461 res
604 2415 691 2461 sibi
714 2417 959 2464 infeliciter
978 2418 1234 2482 procedere
1257 2418 1458 2477 videret,
1488 2428 1533 2464 et
1553 2418 1660 2465 talia
1682 2417 1762 2463 ob-

356 2493 490 2538 sessis
516 2497 788 2556 provenisse
815 2497 1023 2543 subsidia
1040 2535 1051 2556 ,
1074 2508 1287 2544 metuens
1305 2515 1364 2544 ne
1386 2497 1470 2544 sibi
1496 2499 1542 2543 111
1560 2498 1765 2544 deterius

358 2585 430 2613 res
454 2572 746 2628 succederet,
778 2573 932 2620 soluta
958 2575 1207 2622 obsidione
1227 2576 1345 2621 infra
1364 2592 1541 2639 paucos
1561 2575 1660 2622 dies
1677 2575 1765 2620 dis-

362 2646 498 2692 cessit
518 2656 563 2692 et
586 2650 783 2696 Parisios
806 2669 853 2697 se
879 2653 1057 2716 recepit
1073 2655 1099 2698 ¹.

414 2800 449 2834 1.
482 2801 534 2836 Le
554 2800 604 2835 ’10
627 2800 853 2838 3111111432.
