2037 3442
623 281 762 316 LIBER
792 281 1056 318 SECUNDUS.
1492 284 1537 318 ΔΠ

151 373 312 420 mates,
341 363 807 421 administrabamur3
832 365 1031 410 Franeiae
1056 381 1167 410 vero
1192 376 1419 426 quantum
1444 377 1540 412 erat

150 439 316 485 ditioni
332 440 592 498 subactum,
614 457 695 503 per
714 440 882 485 ducem
900 441 1163 499 ssetsordiae,
1183 442 1378 487 alterum
1400 443 1542 505 ipsius

151 516 336 561 Henrici
355 527 589 579 patruum,
607 527 792 562 strenue
809 518 915 562 satis
935 533 987 562 ac
1004 517 1261 580 prudenter
1278 518 1539 580 regebatur.

152 593 242 647 Qui
277 602 495 638 strenuus
528 593 719 654 quidem
743 603 861 649 erat,
885 593 1116 638 humanus
1139 604 1183 639 et
1201 595 1375 655 justus,
1404 599 1544 641 Fran-

152 684 408 731 corumque
433 669 636 728 nobiles,
661 670 739 731 qui
761 668 848 713 sibi
872 668 1120 731 parebant,
1142 670 1339 714 multum
1362 688 1539 729 amans,

151 753 195 788 et
217 761 301 807 pro
326 745 419 789 suis
437 745 684 790 virtutibus
708 744 898 789 studens
923 761 1002 789 eos
1024 744 1286 789 honoribus
1305 746 1538 791 extollere.

155 820 310 877 Unde,
337 821 558 882 quamdiu
583 821 715 878 vixit⁷
749 821 1028 866 Normannis
1052 830 1096 865 et
1124 821 1308 865 Francis
1341 822 1543 883 partium

152 911 342 940 suarum
365 898 474 941 satis
499 897 665 941 charus
696 906 739 941 et
770 896 962 941 dilectus
995 895 1094 941 suit.
1128 897 1312 959 Accepit
1348 898 1471 942 enim
1496 898 1541 942 in

154 988 345 1017 uxorem
371 972 573 1018 nobilem
596 973 838 1018 dominam
866 975 1043 1017 Annam
1059 974 1086 1028 ¹,
1110 989 1319 1018 sororem
1342 973 1543 1037 Philippi

154 1048 538 1108 Burgundionum
570 1048 726 1106 ducis3
754 1047 880 1092 unde
916 1047 1035 1091 iuter
1061 1047 1212 1110 ipsum
1244 1058 1288 1092 et
1323 1049 1543 1095 eumdem

155 1123 445 1186 Philippum,
474 1124 553 1184 qui
586 1124 755 1169 dietam
781 1139 912 1168 suam
939 1139 1149 1168 sororem
1174 1123 1309 1169 valde
1333 1125 1540 1182 amabat,

153 1215 207 1244 ex
224 1199 446 1244 affinitate
461 1199 730 1261 hujusmodi
745 1199 955 1244 amicitiae
970 1215 1112 1244 nexus
1136 1201 1391 1262 plurimum
1416 1202 1543 1249 inva-

152 1275 261 1331 luit,
285 1275 560 1337 duravitque
580 1277 699 1322 inter
719 1293 814 1333 eos,
841 1275 999 1337 quoad
1017 1275 1216 1322 affinitas
1238 1277 1314 1324 illa
1334 1279 1543 1340 ejusdem

153 1367 244 1396 suae
268 1354 438 1397 sororis
462 1352 589 1398 obitu
615 1353 885 1398 solveretur.

217 1429 447 1473 Dominus
470 1429 606 1490 igitur
632 1429 907 1474 Betbfordiae
930 1430 1041 1488 duit,
1072 1430 1321 1492 imperium
1343 1449 1428 1494 pro
1454 1437 1544 1478 An-

155 1502 337 1564 glorum
360 1520 464 1565 rege
486 1505 530 1548 iu
548 1505 736 1549 Francia
761 1504 1108 1563 administrans,
1130 1505 1246 1551 fines
1265 1507 1324 1552 ab
1340 1508 1543 1553 Henrico

153 1578 373 1625 defuncto
397 1589 441 1625 et
460 1580 682 1624 terminos
706 1580 834 1640 regni
858 1579 1072 1625 dimissos
1089 1617 1100 1639 ⁷
1128 1582 1236 1626 totis
1258 1592 1452 1628 conatus
1478 1593 1546 1629 est

155 1656 328 1702 viribus
354 1657 576 1719 ampliare
600 1667 739 1719 atque
759 1672 1034 1719 propagare.
1058 1658 1198 1703 Multa
1220 1659 1394 1722 quippe
1409 1660 1545 1722 oppi-

153 1733 263 1780 dula
292 1743 336 1779 et
359 1743 533 1790 castra,
562 1751 662 1796 quae
693 1735 855 1779 Franci
888 1734 1131 1795 tenebant,
1159 1736 1279 1783 circa
1315 1740 1544 1783 Norman-

153 1811 239 1855 niae
262 1809 377 1855 fines
411 1820 456 1856 et
489 1810 815 1855 Parisiensium
840 1811 1082 1869 terminos,
1120 1812 1192 1857 vel
1225 1814 1364 1859 armis
1400 1831 1539 1877 expu-

155 1896 309 1948 gnata,
328 1887 399 1932 vel
423 1885 747 1931 obsidionibus
769 1889 1038 1947 coarctata²‚
1065 1889 1253 1952 recepit.
1282 1892 1350 1935 De
1374 1890 1546 1953 quibus

154 1979 237 2025 per
259 1963 435 2025 singula
459 1962 645 2019 referre,
670 1978 757 2007 nec
781 1979 899 2025 opus
923 1973 1005 2022 est,
1033 1973 1077 2009 et
1101 1964 1384 2012 fastidiosam
1408 1967 1546 2013 nimis

156 2056 236 2086 sua
261 2041 521 2104 prolixitate
543 2040 781 2086 historiam
799 2040 1057 2102 legentibus
1076 2042 1308 2089 redderet.

210 2197 222 2230 Ἰ
239 2226 246 2233 ,
284 2197 389 2230 Anne
409 2193 455 2229 de
473 2196 714 2243 Bourgogne,
738 2193 876 2229 maric'e
895 2206 943 2230 au
963 2194 1034 2231 (luc
1051 2194 1097 2232 de
1121 2195 1299 2232 Bethford
1323 2196 1357 2233 le
1380 2199 1428 2232 17
1449 2198 1544 2235 avril

157 2256 200 2290 14
209 2255 273 2300 23,
292 2261 410 2290 morte
427 2254 460 2288 le
476 2254 522 2288 14
542 2251 749 2288 novembre
770 2253 786 2286 1
797 2253 885 2291 43⁹2.
904 2255 968 2290 Ses
978 2263 1092 2290 restes
1101 2255 1253 2291 mortels
1262 2263 1326 2291 ont
1336 2256 1393 2291 e'te
1408 2255 1546 2293 decon-

154 2321 254 2349 verts
263 2314 491 2349 recemment
503 2311 595 2348 dans
606 2312 656 2347 les
666 2311 857 2348 dernieres
866 2312 1103 2351 demolitions
1112 2315 1216 2351 faites
1227 2315 1487 2353 auxCelestins
1499 2316 1545 2353 de

153 2372 255 2408 Paris
270 2380 306 2408 et
316 2371 544 2420 transportes
559 2372 577 2405 a
586 2369 712 2416 Dijon.
725 2371 801 2406 Son
810 2370 983 2408 tombeau
994 2381 1047 2409 est
1057 2386 1104 2409 au
1114 2374 1243 2410 musee
1252 2373 1298 2411 de
1309 2374 1522 2414 Versailles.

206 2432 242 2467 9.
278 2433 430 2467 coarcta
444 2429 537 2466 dans
553 2429 587 2465 le
600 2428 819 2465 manuscrit.
834 2431 1023 2468 Peut—etre
1043 2440 1182 2468 coacta.
