2142 3473
475 294 496 328 8
842 291 1182 328 HISTORIARUM
1212 291 1389 327 CAROLI
1419 293 1489 327 VII

537 375 643 428 Quo
662 372 835 417 effluxo
861 372 1038 434 spatio,
1058 387 1166 416 cum
1182 370 1311 434 apud
1328 387 1375 416 se
1400 372 1599 433 graviter
1621 382 1667 417 et
1689 388 1873 419 morose

471 445 778 493 revolvissent
804 446 1176 508 magnitudinem
1202 446 1331 504 facti,
1362 456 1408 492 et
1432 464 1535 510 quae
1565 447 1733 495 exinde
1757 450 1875 494 veri-

471 521 682 568 similiter
712 521 835 567 mala
858 531 998 584 atque
1022 521 1233 585 pericula
1256 532 1409 569 essent
1433 534 1685 585 eventura,
1711 524 1874 587 hujus-

471 599 602 645 modi
624 598 876 645 consilium
900 598 1218 658 tradiderunt,
1242 609 1315 658 ut,
1339 601 1565 663 quoniam
1588 611 1693 664 post
1716 618 1877 665 perso-

471 693 583 722 nam
601 676 719 739 regis
734 713 745 735 ,
772 677 895 722 inter
914 692 1080 722 omnes
1106 677 1343 740 principes
1366 677 1499 739 regni
1520 677 1620 740 ipse
1645 679 1876 724 maximus

472 763 613 811 esset,
630 752 921 815 haberetque
935 754 1163 815 majorem
1182 762 1363 816 partem
1381 769 1630 817 procerum
1649 755 1781 817 regni
1795 755 1877 801 ob-

471 839 746 893 sequentem
769 839 814 875 et
839 829 1084 888 devotam,
1107 839 1272 893 utpote
1297 846 1352 875 ex
1372 829 1503 891 cujus
1522 829 1716 876 arbitrio
1735 832 1877 877 totius

471 907 602 969 regni
623 917 668 953 et
694 907 916 969 regalium
941 906 1204 952 moderatio
1229 916 1369 970 atque
1391 906 1734 953 administratio
1761 924 1876 971 pen-

472 984 583 1031 dere
611 984 874 1041 videbatur,
898 1002 997 1030 non
1012 984 1061 1030 id
1077 994 1185 1030 ante
1202 985 1392 1048 exsequi
1407 994 1547 1048 atque
1563 984 1713 1031 facere
1731 994 1877 1032 atten-

471 1071 611 1120 taret,
629 1077 773 1124 quam
790 1061 878 1107 sibi
894 1062 1138 1108 civitatum
1156 1071 1201 1107 et
1214 1062 1504 1125 populorum
1523 1062 1653 1123 regni
1671 1062 1878 1108 favorem

471 1155 525 1184 ac
550 1139 744 1201 gratiam
766 1138 1086 1198 conciliasset;
1111 1138 1222 1184 alias
1244 1154 1358 1183 vero
1376 1137 1641 1184 civitatibus
1659 1148 1703 1184 et
1726 1140 1879 1201 regni-

471 1216 585 1261 colis
609 1215 692 1279 [se]
711 1216 915 1261 invisum
941 1215 1160 1262 redderet
1182 1232 1236 1262 ac
1256 1215 1494 1261 odiosum.
1523 1215 1572 1260 Id
1599 1225 1756 1262 autem
1786 1216 1878 1263 hoc

472 1291 619 1338 modo
637 1291 822 1338 efficere
836 1302 1016 1356 posset,
1033 1293 1071 1338 si
1084 1292 1267 1338 Parisiis
1282 1292 1537 1356 praecipue,
1557 1309 1658 1355 quae
1676 1303 1772 1339 tam
1795 1294 1879 1339 mi-

472 1367 607 1414 rabili
630 1368 919 1432 populorum
940 1369 999 1415 de
1018 1369 1150 1414 omni
1169 1369 1461 1427 conditione,
1483 1369 1650 1415 ordine
1673 1379 1718 1416 et
1737 1377 1876 1427 statu,

472 1445 773 1491 multitudine
787 1445 980 1505 referta,
998 1455 1043 1491 et
1059 1445 1118 1491 de
1138 1445 1360 1491 omnibus
1386 1447 1517 1509 regni
1538 1446 1808 1492 nationibus
1827 1463 1881 1492 ac

471 1523 746 1586 provinciis,
758 1539 956 1585 regnum
973 1523 1128 1586 ipsum
1143 1522 1354 1586 quodam
1368 1524 1497 1569 velut
1513 1523 1801 1586 compendio
1815 1540 1883 1569 re-

472 1598 673 1657 ferebat,
695 1608 740 1644 et
756 1599 967 1645 similiter
986 1601 1034 1645 in
1052 1599 1153 1646 aliis
1171 1599 1547 1663 quibuscumque
1566 1599 1881 1646 nobilioribus

472 1675 604 1736 regni
636 1674 926 1734 civitatibus,
962 1693 1047 1739 per
1076 1675 1323 1722 biennium
1355 1677 1430 1722 vel
1463 1677 1719 1723 triennium
1743 1687 1875 1735 ante,

472 1768 557 1816 per
580 1752 881 1815 interpositas
902 1768 1127 1815 personas
1152 1753 1331 1815 ubique
1364 1754 1658 1800 disseminari
1683 1753 1876 1811 faceret,

473 1844 521 1873 se
543 1829 746 1874 maxime
769 1829 1018 1891 regnicolis
1041 1831 1248 1894 compati
1272 1840 1317 1876 et
1339 1831 1619 1888 condolere,
1648 1829 1778 1891 quod
1812 1841 1881 1876 tot

472 1903 657 1950 tributis
684 1915 730 1951 et
753 1907 891 1951 variis
919 1922 972 1952 ac
997 1906 1336 1970 multiplicibus
1360 1907 1665 1968 vectigalibus
1696 1924 1880 1971 preme-

474 1991 665 2041 rentur;
688 1998 831 2044 seque
852 1983 962 2029 totis
985 1984 1099 2029 eniti
1119 1983 1367 2029 conatibus
1398 1994 1465 2042 ut,
1493 2000 1638 2046 regno
1670 1984 1731 2029 ad
1763 1986 1882 2030 anti-

475 2074 591 2120 quas
626 2075 732 2105 suas
763 2059 997 2106 libertates
1026 2061 1262 2119 restituto,
1299 2060 1521 2106 omnibus
1553 2060 1882 2122 hujuscemodi

474 2135 699 2181 molestiis
722 2137 1096 2199 gravissimisque
1119 2137 1443 2183 exactionibus
1466 2137 1669 2201 populus
1701 2137 1882 2184 levare-

474 2221 575 2272 tur;
605 2212 687 2258 sed
720 2230 781 2259 ne
816 2215 888 2260 sui
921 2215 1089 2278 optimi
1127 2231 1181 2260 ac
1216 2214 1411 2278 piissimi
1442 2215 1539 2259 voti
1574 2231 1628 2260 ac
1663 2214 1877 2274 affectus,

474 2305 616 2351 quem
636 2289 697 2336 ad
719 2307 919 2353 regnum
943 2302 989 2338 et
1011 2291 1271 2355 regnicolas
1295 2291 1508 2353 gerebat,
1536 2291 1740 2338 fructum
1766 2309 1883 2340 asse-

474 2376 712 2427 queretur,
732 2367 876 2431 ipsius
894 2368 1296 2415 Aurelianensium
1316 2368 1450 2414 ducis
1476 2378 1521 2414 et
1544 2385 1740 2414 suorum
1761 2370 1881 2416 vires

473 2452 519 2489 et
542 2454 739 2490 conatus
755 2461 940 2509 semper
959 2445 1191 2491 obstitisse
1209 2455 1253 2491 et
1270 2446 1498 2491 continuo
1519 2445 1732 2506 obstare,
1753 2448 1881 2509 quod

475 2519 688 2565 omnium
702 2520 1031 2583 hujuscemodi
1046 2522 1306 2587 imponend
1313 2539 1450 2568 orum
1462 2532 1507 2568 et
1524 2523 1571 2568 in
1589 2522 1687 2568 dies
1699 2540 1750 2569 ex
1757 2539 1882 2569 cres-

472 2595 695 2653 centium,
709 2614 945 2644 novorum
957 2599 1243 2646 tributorum
1259 2609 1398 2661 atque
1409 2600 1707 2661 vectigalium
1719 2610 1881 2647 auctor

475 2681 521 2719 et
543 2671 761 2718 defensor
785 2677 1016 2722 maximus
1036 2678 1291 2735 exsisteret,
1313 2695 1366 2723 ac
1385 2694 1570 2741 semper
1587 2678 1846 2723 exstitisset.

540 2753 642 2797 Hoc
661 2751 816 2813 itaque
833 2769 1042 2812 rumore,
1061 2770 1145 2816 per
1162 2771 1329 2801 omnes
1352 2755 1445 2802 fere
1468 2756 1674 2802 civitates
1699 2765 1744 2802 et
1764 2771 1881 2818 pro-
