2037 3442
677 321 820 356 LIBER
858 300 1123 355 sEc‘nNnus.
1557 315 1599 349 οι

208 412 314 448 tuor
356 401 499 447 millia
543 403 754 447 virorum
796 412 916 459 erat;
955 401 1060 459 sed,
1112 400 1219 446 licet
1253 397 1609 462 comparatione

206 479 439 535 hostium,
468 481 659 542 «exigui
683 498 907 540 numero,
938 491 1094 527 tamen
1122 478 1333 543 profecto
1364 476 1488 522 bello
1513 486 1611 522 erat

206 556 362 602 vivida
378 556 540 602 virtus.
563 576 584 599 »
605 559 766 604 Renati
782 568 939 604 autem
959 556 1205 614 exercitus,
1226 572 1279 600 ex
1296 554 1608 614 Lolliaringis,

209 635 410 693 Francis,
433 635 715 694 Alemannis,
739 637 988 700 plusquam
1007 635 1169 696 viginti
1187 633 1313 679 mille
1330 632 1612 678 bellatorum

209 727 307 756 esse
333 710 587 770 fei-ebatum
612 712 815 759 habebat
841 714 967 759 enim
998 711 1172 757 multos
1204 708 1387 755 nobiles
1416 710 1613 752 Germa-

208 800 296 828 nos
333 783 391 829 de
433 784 595 831 Rheno
624 795 668 831 et
697 786 1017 848 adjacentibus
1050 784 1179 829 terris
1209 799 1317 828 cum
1354 781 1447 825 suis
1477 781 1614 825 etiam

210 860 530 923 Lotharingi53
565 862 770 908 babebat
801 873 846 908 et
883 860 1254 907 strenuissimum
1285 867 1329 903 et
1356 856 1614 901 famosissi—

210 954 339 982 mum
366 939 663 1001 capitaneum
693 939 941 985 dominum
974 937 1029 982 de
1059 935 1304 981 Barbamn
1335 949 1443 978 cum
1469 932 1616 995 pluri—

210 1014 298 1061 bus
324 1019 356 1059 F
361 1016 528 1060 rancis

277 1095 395 1137 Cum
436 1102 591 1137 autem
637 1093 997 1156 Burgundiones
1050 1107 1159 1136 cum
1208 1089 1402 1153 praefato
1445 1088 1617 1133 comite

212 1178 362 1214 castra
392 1168 514 1214 intra
540 1169 889 1231 Lotharingiam
914 1167 1074 1213 metati
1096 1175 1272 1222 essent⁷
1301 1176 1346 1211 et
1374 1181 1428 1211 ea
1455 1181 1619 1211 secun·

212 1245 328 1289 dum
363 1245 428 1289 rei
459 1246 668 1293 militaris
705 1257 850 1294 artem
887 1255 1024 1308 atque
1055 1245 1265 1290 instituta
1302 1242 1535 1289 locassent
1566 1259 1619 1288 ac

213 1323 516 1382 muniissent‚
547 1326 606 1371 ad
634 1343 714 1372 eos
740 1325 954 1389 praefatus
978 1341 1059 1369 rex
1089 1326 1291 1368 Renatus
1314 1321 1620 1367 debellandos

214 1416 322 1444 cum
348 1411 448 1448 toto
473 1419 559 1447 suo
584 1404 787 1448 exercitu
809 1401 1106 1459 adventavit3
1134 1416 1340 1462 quorum
1367 1398 1620 1443 multitudo

214 1478 589 1525 adversariorum
608 1480 890 1542 paucitatem
904 1487 1214 1524 contemnens
1228 1484 1272 1521 et
1286 1476 1417 1539 parvi
1429 1475 1618 1531 faciens,

215 1556 339 1602 illico
365 1567 409 1603 et
436 1556 614 1620 absque
640 1573 774 1602 mora
802 1574 881 1602 eos
911 1555 1052 1601 armis
1075 1554 1303 1617 impetere
1327 1551 1493 1597 voluit.
1531 1554 1621 1596 Eo-

215 1652 321 1681 rum
351 1653 464 1682 vero
495 1637 804 1682 temeritatem
832 1634 1067 1680 refrenare
1097 1641 1317 1687 conatus,
1348 1630 1423 1675 ille
1447 1638 1624 1674 vetera-

216 1729 304 1757 nus
328 1713 460 1759 miles
492 1712 740 1759 Barbccsan
770 1729 866 1758 non
892 1711 1064 1774 potuit.
1091 1708 1243 1755 Dabat
1268 1707 1441 1770 quippe
1468 1706 1623 1751 consi-

216 1789 329 1835 lium
347 1790 477 1853 quod
495 1807 590 1836 non
607 1799 760 1836 essent
773 1789 1031 1852 praecipites
1048 1786 1106 1833 ad
1131 1784 1452 1831 invadendum
1466 1783 1623 1828 hostes

219 1877 264 1913 et
294 1868 642 1914 conserendum
667 1884 872 1931 pugnam
899 1883 1007 1912 cum
1036 1864 1145 1928 ipsis
1162 1901 1172 1921 ‚
1203 1862 1284 1925 qui
1310 1871 1461 1907 castra
1487 1860 1624 1906 valde

219 1947 399 1991 munita
425 1944 665 1992 habebant
689 1961 796 1990 cum
820 1942 1123 2006 praerogativa
1146 1940 1239 1985 loci
1265 1941 1311 1984 in
1335 1955 1432 2001 quo
1455 1954 1509 1984 ea
1533 1938 1625 1983 col-

220 2022 511 2081 locaverant,
553 2022 778 2085 quodque
813 2021 933 2066 duos
963 2028 1044 2065 aut
1076 2027 1166 2062 tres
1199 2016 1297 2061 dies
1321 2031 1624 2076 congressum

222 2098 485 2156 differrent,
524 2109 570 2145 et
604 2115 700 2144 non
740 2097 906 2162 procul
935 2096 994 2142 ab
1023 2095 1086 2140 eis
1116 2104 1264 2140 castra
1300 2101 1622 2149 metarentur3

223 2192 331 2221 cum
351 2176 477 2221 enim
498 2192 522 2221 e
546 2176 720 2239 patria,
741 2191 845 2236 quae
868 2175 932 2219 eis
954 2171 1169 2237 parebat,
1198 2169 1388 2217 abunde
1413 2168 1629 2233 provide-

223 2263 351 2298 retur
369 2253 427 2299 de
446 2269 637 2299 annona
653 2252 922 2314 caeterisque
945 2249 1216 2296 necessariis
1235 2246 1376 2293 rebus
1395 2262 1480 2292 suo
1505 2262 1628 2291 exer-

224 2330 365 2389 citui,
416 2329 576 2376 hostes
613 2345 726 2375 vero
743 2365 754 2387 ‚
811 2327 981 2391 quibus
1026 2327 1187 2372 omnia
1232 2334 1364 2371 erant
1409 2323 1624 2381 inimica,

225 2408 440 2454 omnium
474 2424 632 2453 rerum
667 2415 820 2452 essent
849 2405 1031 2469 passuri
1072 2404 1118 2449 in
1154 2403 1313 2467 paucis
1347 2400 1514 2447 diebus
1546 2416 1627 2464 pe-

226 2486 411 2531 nuriam
446 2495 491 2531 et
514 2484 573 2530 ad
613 2484 813 2530 alterum
837 2483 895 2528 de
927 2481 1115 2528 duobus
1145 2489 1442 2542 urgerentur,
1479 2477 1548 2523 vel
1577 2487 1630 2522 ut

225 2562 515 2607 deditionem
540 2561 746 2606 facerent
769 2570 814 2606 et
840 2559 1073 2623 supplices
1096 2574 1262 2622 pacem
1286 2563 1529 2618 rogarent,
1556 2553 1629 2599 vel

226 2649 298 2697 ut,
326 2639 516 2685 dimisso
549 2639 656 2685 loco
689 2648 733 2684 et
757 2637 939 2696 castris,
974 2637 1020 2681 in
1052 2634 1317 2700 patentibus
1340 2633 1518 2696 campis
1542 2648 1627 2677 co-

225 2717 350 2780 piam
387 2715 654 2780 pugnandi,
694 2714 872 2760 seclusa
906 2713 998 2758 loci
1044 2711 1373 2775 praerogativa,
1414 2707 1630 2754 hostibus

228 2794 394 2840 darent
421 2813 432 2853 3
466 2794 513 2839 in
540 2808 633 2856 qua
649 2808 808 2857 pugna
831 2801 876 2837 et
899 2790 1177 2848 certamine,
1202 2786 1514 2835 verisimiliter
1536 2785 1630 2832 suis
