2037 3442
400 354 446 387 92
786 348 1127 385 HISTORIARUM
1156 348 1334 384 CAROLI
1362 350 1431 384 VII

399 433 674 478 adversariis
709 430 952 475 inferiores
988 438 1166 487 essent,
1206 429 1286 491 qui
1317 444 1516 474 numero
1545 438 1590 473 et
1627 429 1799 478 viribus

398 526 477 554 eos
500 509 639 570 longe
664 508 802 553 nimis
824 523 1045 571 superare
1071 507 1367 554 videbantur.

461 586 553 631 Sed
590 584 775 631 salubre
814 584 1087 646 hujusmodi
1137 584 1385 630 consilium
1431 585 1800 632 Alemannorum

397 662 702 726 praccipitatio
734 671 874 723 atque
905 661 1221 706 inconstantia
1250 661 1467 724 amplecti
1496 679 1594 707 non
1627 663 1796 726 potuit.

397 739 628 784 Dixerunt
652 738 778 784 enim
794 738 860 783 illi
878 747 1101 784 veterano
1126 737 1261 783 valde
1284 747 1494 800 experto,
1521 740 1651 799 quasi
1674 748 1800 784 metu

399 816 562 861 anxius
598 817 695 879 ipse
731 814 980 860 consilium
1009 814 1282 876 hujusmodi
1315 814 1540 874 dedisset,
1576 815 1729 877 quod,
1765 816 1802 860 si

399 903 612 952 paveret,
651 902 775 938 retro
816 891 989 951 abiret3
1019 893 1107 955 ipsi
1137 891 1264 937 enim
1286 892 1446 937 hostes
1478 908 1588 937 suos
1614 893 1803 955 aggredi

402 970 595 1016 minime
623 970 947 1015 formidarent.
986 968 1169 1025 Quibus
1194 984 1477 1032 responsum
1501 968 1608 1014 fecit
1630 985 1677 1014 se
1700 969 1803 1032 ipso

400 1046 476 1092 die
514 1057 811 1092 ostensurum
847 1046 978 1110 quod
1016 1063 1114 1091 non
1155 1055 1349 1109 propter
1385 1055 1564 1091 metum
1596 1046 1805 1091 hostium

399 1126 680 1185 consuleret,
702 1126 782 1172 sed
806 1141 946 1171 causa
961 1123 1162 1170 vitandae
1181 1124 1470 1179 temeritatis,
1492 1139 1600 1186 qua,
1626 1124 1673 1168 in
1694 1140 1806 1169 con-

400 1202 715 1264 gressionibus
743 1202 943 1260 bellicis,
980 1201 1095 1246 nihil
1130 1201 1412 1263 peniciosius
1444 1217 1542 1246 esse
1566 1209 1740 1264 potest3
1768 1201 1805 1245 si

400 1295 513 1324 vero
546 1279 717 1324 utiliter
753 1278 1045 1337 consuleret,
1084 1294 1257 1336 necne,
1295 1278 1383 1340 ipsi
1412 1293 1466 1322 ex
1496 1286 1665 1322 eventu
1695 1276 1803 1321 effe-

401 1364 573 1417 ctuque
613 1372 771 1400 rerum
815 1363 1174 1415 cognoscerent.
1223 1353 1288 1399 Ad
1325 1363 1474 1398 castra
1508 1353 1648 1414 igitur
1689 1355 1802 1397 Bur-

399 1430 698 1491 gundionum
759 1430 1074 1495 expugnanda
1135 1439 1378 1474 moventes
1414 1428 1664 1474 exercitum
1715 1431 1804 1473 Lo-

400 1507 603 1570 tharingi
649 1519 695 1554 et
743 1509 1016 1566 Alemanni,
1062 1524 1171 1553 cum
1213 1507 1305 1551 suis
1349 1505 1525 1551 balistis
1559 1505 1714 1567 Jacula
1760 1515 1805 1550 et

400 1586 589 1632 missilia
623 1588 670 1632 in
700 1587 860 1633 hostes
882 1586 1149 1649 jaciebant3
1187 1602 1211 1630 e
1241 1594 1406 1630 contra
1437 1601 1548 1630 vero
1589 1601 1614 1629 e
1645 1585 1805 1630 castris

401 1664 792 1724 Burgundionum
816 1664 1061 1726 sagittarii,
1095 1663 1176 1725 qui
1198 1662 1287 1707 illic
1311 1671 1442 1707 erant
1465 1662 1643 1725 pedites
1672 1662 1804 1708 circi-

401 1750 471 1786 ter
503 1742 757 1803 octingenti
792 1751 873 1787 aut
913 1740 1065 1799 mille,
1103 1750 1198 1786 tarn
1227 1756 1282 1785 ex
1319 1738 1528 1784 Picardia
1572 1756 1713 1801 quam
1749 1757 1802 1784 ex

400 1819 578 1881 Anglia,
606 1819 797 1865 viriliter
815 1829 860 1863 et
878 1818 1057 1863 fortiter
1081 1818 1266 1879 sagittas
1287 1816 1515 1874 emittere,
1541 1833 1688 1878 equos
1708 1818 1806 1879 qui—

400 1894 488 1940 bus
525 1894 767 1940 Alemanni
791 1905 835 1939 et
860 1893 1131 1955 Lotharingi
1159 1891 1525 1955 adequitabant,
1554 1910 1661 1937 cum
1696 1894 1805 1956 ipsis

400 1971 683 2031 sessoribus,
712 1971 926 2017 occidere
949 1970 1022 2016 vel
1039 1970 1301 2027 vulnerare,
1329 1969 1626 2031 retrogrados
1649 1985 1802 2030 agere,

402 2059 447 2094 et
477 2066 532 2094 ex
562 2050 663 2112 ipso
696 2048 945 2094 vulnerum
975 2047 1140 2093 dolore
1169 2045 1375 2091 calcibus
1405 2062 1502 2090 sese
1535 2055 1701 2090 mutuo
1724 2062 1805 2108 pe-

404 2135 518 2186 tere,
540 2142 741 2171 sessores
764 2125 988 2187 dejicere,
1017 2125 1136 2169 acies
1157 2123 1432 2186 perturbare
1455 2131 1595 2185 atque
1615 2123 1808 2168 confun-

401 2202 529 2248 dere.
580 2206 733 2259 Quam
770 2201 1172 2266 perturbationem
1213 2210 1354 2262 atque
1397 2199 1805 2246 deordinationem

401 2297 511 2325 cum
534 2281 623 2344 ipsi
649 2280 1008 2343 Burgundiones
1031 2277 1343 2342 perviderent,
1370 2278 1525 2323 statim
1548 2277 1807 2323 exsilientes

403 2357 461 2403 (le
497 2358 656 2404 castris
683 2367 728 2404 et
759 2374 868 2403 cum
901 2357 1077 2420 impetu
1108 2372 1281 2417 magno
1314 2356 1545 2401 irruentes
1574 2356 1620 2400 in
1651 2355 1807 2401 hostes

399 2434 494 2494 jam
518 2451 649 2497 paene
665 2451 720 2480 ex
740 2451 822 2480 sua
839 2434 1096 2479 temeritate
1117 2433 1343 2490 devictos,
1367 2432 1596 2496 plurimos
1621 2448 1675 2477 ex
1698 2432 1807 2495 ipsis

405 2523 722 2574 peremerunt,
750 2513 849 2558 aliis
876 2512 1014 2558 celeri
1036 2512 1159 2574 suga,
1187 2510 1355 2573 quibus
1379 2510 1427 2556 id
1449 2511 1603 2568 licuit,
1635 2526 1682 2555 se
1706 2519 1806 2555 tan-

405 2588 462 2632 tis
485 2589 701 2650 periculis
724 2589 1135 2635 subducentibus¹.

472 2667 595 2711 Caesa
612 2678 720 2712 sunt
746 2668 810 2713 ibi
835 2705 845 2725 ,
874 2677 923 2713 ut
949 2667 1198 2727 serebatur,
1225 2677 1335 2712 octo
1359 2666 1503 2712 millia
1526 2676 1622 2712 tam
1646 2682 1698 2711 ex
1726 2668 1807 2709 Lo-

465 2828 501 2863 1.
539 2824 695 2863 Bataille
714 2825 761 2863 de
780 2827 1017 2878 Bulgneville
1032 2839 1079 2864 en
1101 2827 1297 2869 Lorrainc,
1318 2826 1351 2863 le
1370 2828 1392 2861 4
1409 2825 1533 2871 juillet
1553 2826 1669 2863 1431.
