2142 3473
722 336 867 371 LIBER
898 335 1096 372 PRIMUS.
1251 358 1255 362 ›
1603 332 1624 366 9

223 418 398 464 vincias
420 418 572 479 regni,
591 433 725 463 aures
750 425 1022 477 mentesque
1040 415 1326 478 populorum
1345 422 1622 477 occupante,

224 504 353 540 tanta
390 493 566 539 invidia
602 494 727 557 apud
760 492 943 556 plebes,
971 508 1073 554 quac
1106 490 1434 554 hujuscemodi
1466 506 1626 551 grava-

224 572 353 616 mina
388 570 682 631 vectigalium
723 579 862 631 atque
906 569 1205 614 exactionum
1242 568 1378 613 altius
1423 567 1629 612 sentiunt

223 659 364 710 atque
383 649 640 711 suspirant,
659 648 861 693 conflata
879 648 963 693 suit
982 647 1203 692 adversus
1226 645 1627 690 Aurelianensium

223 725 423 780 ducem;
444 734 600 770 tantus
619 741 731 770 vero
755 740 907 781 amor,
925 724 1072 785 gratia
1095 732 1234 783 atque
1259 721 1389 766 favor
1412 721 1628 766 omnium

225 801 335 847 duci
369 801 645 863 Burgundiae
680 809 1000 857 accesserunt,
1027 809 1099 859 ut,
1126 797 1448 844 interfectione
1486 797 1629 859 ipsius

225 877 631 923 Aurelianensium
652 878 785 923 ducis
800 877 989 922 modico
1010 886 1116 940 post
1137 886 1347 938 tempore
1362 873 1626 931 subsecuta,

225 954 448 1000 omnibus
482 971 614 1017 paene
649 953 911 1000 civitatibus
946 963 989 998 et
1023 952 1240 1016 plebibus
1274 951 1432 1012 regni,
1459 951 1631 1012 quibus

225 1032 510 1077 exsecrabile
534 1033 633 1094 ejus
656 1048 832 1077 nomen
863 1047 916 1076 ex
940 1030 1176 1076 antedicto
1202 1046 1389 1075 rumore
1413 1028 1631 1074 effectum

227 1114 397 1170 fuerat,
425 1128 478 1157 ea
503 1129 574 1156 res
597 1123 727 1173 grata
745 1121 884 1172 atque
899 1110 1112 1172 jucunda
1131 1110 1382 1166 exsisteret,
1408 1118 1631 1170 tanquam

227 1188 518 1234 meritissime
543 1198 588 1233 et
606 1189 858 1250 justissime
879 1187 1107 1234 exstincto
1134 1187 1213 1232 illo
1246 1186 1327 1248 qui
1350 1202 1442 1231 suae
1472 1185 1632 1231 salutis

225 1281 280 1310 ac
317 1263 565 1323 libertatis,
608 1275 654 1310 et
697 1265 826 1326 regni
868 1264 1009 1309 totius
1053 1264 1270 1310 inimicus
1318 1262 1633 1326 permaximus

227 1356 413 1404 semper
436 1340 611 1386 fuisset.

707 1507 1045 1552 CAPITULUM
1080 1508 1160 1550 lV.

376 1646 566 1689 Quomodo
583 1647 736 1680 fautores
755 1645 854 1679 ducis
872 1645 1129 1679 Aurelianensis
1146 1646 1219 1691 ejus
1234 1657 1356 1679 necem
1372 1646 1491 1679 ulcisci

829 1714 1036 1740 statuerunt·

298 1830 469 1873 Verum
486 1828 596 1889 quia
623 1827 1025 1873 Aurelianensium
1048 1826 1143 1873 dux
1165 1827 1415 1891 praedictus
1429 1862 1442 1884 ,
1459 1829 1567 1890 qui,
1586 1838 1637 1874 ut

230 1921 370 1968 supra
395 1904 620 1962 diximus,
649 1905 696 1949 in
719 1921 865 1965 regno
891 1904 1099 1968 primum
1127 1914 1234 1968 post
1256 1921 1440 1968 regem,
1468 1905 1565 1950 imo
1592 1916 1638 1951 et

230 1997 371 2044 supra
395 1998 577 2044 regem,
605 1981 712 2043 qui,
752 1981 920 2027 mentis
955 1982 1130 2044 impos,
1154 1982 1285 2044 regni
1320 1981 1634 2027 moderationi

231 2067 330 2103 erat
354 2058 551 2116 inutilis,
573 2058 789 2104 obtinere
812 2057 1076 2118 videbatur,
1102 2074 1268 2103 omnes
1287 2057 1381 2104 fere
1401 2058 1637 2122 principes

231 2145 276 2181 et
306 2136 480 2181 militiae
510 2136 653 2181 duces
686 2135 774 2181 sibi
806 2135 1064 2181 benevolos
1087 2144 1228 2198 atque
1251 2134 1449 2181 devotos
1473 2135 1637 2181 effece-

231 2222 301 2258 rat
317 2249 328 2271 ,
347 2212 444 2274 ejus
469 2212 643 2258 caedem
670 2222 811 2274 atque
834 2211 1208 2258 interfectionem
1226 2212 1425 2258 inultam
1445 2211 1638 2257 transire

231 2288 374 2334 iidem
415 2289 502 2352 ipsi
533 2289 664 2350 regni
706 2289 942 2352 principes
978 2289 1172 2335 minime
1207 2299 1521 2348 censuerunt;
1556 2289 1638 2335 sed

232 2383 318 2430 pro
341 2366 496 2428 legum
521 2366 819 2430 publicarum
838 2376 1017 2424 tenore,
1039 2383 1143 2429 quae
1163 2366 1387 2412 adversus
1406 2366 1639 2413 occisores

231 2443 604 2489 consiliariorum
628 2443 851 2506 principis
871 2452 916 2488 et
933 2443 1033 2506 ejus
1049 2443 1358 2489 assidentium
1378 2441 1536 2500 lateri,
1556 2460 1635 2489 seu

231 2519 347 2565 alios
370 2520 511 2566 etiam
533 2520 724 2566 sicarios
756 2529 896 2582 atque
919 2519 1207 2578 homicidas,
1234 2520 1396 2585 positae
1419 2529 1550 2579 sunt,
1578 2520 1637 2566 de

232 2595 507 2641 auctoribus
539 2595 813 2658 hujusmodi
846 2605 942 2641 tam
971 2596 1183 2642 nefandae
1205 2597 1355 2654 necis,
1384 2613 1487 2659 quae
1509 2596 1639 2643 horis

234 2672 475 2718 nocturnis
505 2672 714 2730 Parisiis,
743 2673 790 2717 in
827 2681 969 2718 strata
997 2672 1187 2737 publica
1204 2676 1232 2732 ¹,
1258 2672 1372 2718 dum
1396 2671 1522 2719 idem
1545 2672 1638 2718 dux

289 2829 326 2864 1.
357 2830 414 2865 La
432 2839 501 2864 rue
520 2825 913 2877 Vieille·du-Temple.
