2037 3442
376 322 449 356 2116
758 317 1095 353 HISTORIARUM
1122 317 1302 352 CAROLI
1329 319 1397 354 VII

379 416 523 446 manu
558 397 814 459 Anglorum
849 405 1211 454 remanserunt,
1251 396 1533 460 oppidulum
1565 398 1777 443 videlicet

376 476 434 521 de
465 473 804 531 Honneflutu¹‚
845 474 1184 519 munitissimus
1223 483 1269 519 et
1304 474 1582 519 fortissimus
1616 474 1776 531 locus,

376 559 582 595 castrum
618 548 677 594 de
710 549 851 595 Tolca
870 551 883 571 ²
913 559 960 594 et
994 558 1200 594 castrum
1224 548 1284 596 de
1320 550 1600 596 Cambresiis
1618 552 1652 609 ³3
1680 566 1782 612 quae

376 626 516 672 etiam
533 625 844 689 postmodum
862 625 1111 672 obsidione
1129 634 1363 673 coarctata
1379 663 1390 685 ,
1418 626 1466 672 in
1491 626 1781 673 deditionem

380 712 567 766 recepta
592 702 797 748 fuerunt.

442 782 563 825 Cum
599 790 756 826 autem
788 795 953 826 omnes
976 783 1267 826 Francorum
1290 780 1433 826 duces
1455 781 1692 827 civitatem
1714 781 1784 827 in-

379 857 520 919 gressi
547 856 766 914 fuissent,
792 856 1011 903 videlicet
1033 856 1223 903 illustris
1248 857 1488 903 Johannes
1508 875 1668 904 comes
1684 861 1783 904 Du-

378 935 535 981 nensis
551 971 563 993 ‚
590 951 749 981 comes
765 935 824 981 de
840 939 971 998 Augo
985 972 996 993 ‚
1021 952 1180 982 comes
1197 936 1532 996 Sancti-Pauli,
1561 937 1784 983 dominus

381 1013 440 1058 de
470 1014 743 1073 Gaacourffl,
775 1016 983 1059 Potonus
1007 1012 1067 1058 de
1089 1013 1391 1059 Saz'ntreillez
1407 1051 1418 1073 ,
1453 1014 1787 1060 mareschallus

379 1091 584 1136 Franciae
595 1092 623 1148 ⁵,
640 1101 683 1136 et
699 1090 814 1137 alter
825 1090 1160 1137 mareschallus
1177 1091 1400 1136 dominus
1410 1091 1469 1137 de
1479 1095 1512 1137 J
1511 1092 1783 1156 aillongne⁵‚

381 1167 605 1212 dominus
629 1170 792 1213 Petrus
817 1167 875 1213 de
899 1171 1095 1229 Bresar,
1113 1183 1313 1230 magnus
1328 1168 1646 1215 seneschallus
1669 1172 1788 1216 Nor-

385 1246 587 1291 manniae
606 1248 635 1303 ⁷,
664 1245 888 1291 dominus
910 1245 970 1291 de
991 1246 1256 1301 Torciaco⁸,
1275 1245 1498 1293 dominus
1512 1247 1787 1311 praepositus

386 1322 695 1380 Parisiensis⁹,
723 1322 864 1368 frater
893 1323 992 1385 ejus
1008 1360 1018 1379 ‚
1051 1324 1163 1369 item
1186 1323 1441 1387 Floquetus
1463 1334 1508 1370 et
1530 1325 1606 1370 alii
1631 1324 1789 1388 plures

383 1399 559 1444 militiae
583 1398 752 1456 duces,
784 1416 991 1462 quorum
1016 1401 1212 1447 nomina
1235 1418 1333 1447 non
1358 1411 1595 1459 tenemus,
1623 1411 1669 1447 et
1691 1401 1788 1463 jam

382 1475 495 1521 dicti
519 1476 736 1521 antistitis
760 1475 1111 1539 providentiam
1128 1487 1386 1541 spectatam
1405 1487 1790 1542 compertamque

380 1551 626 1612 haberent,
640 1552 788 1616 ipsius
802 1552 1053 1599 consilium
1067 1570 1211 1618 super
1226 1554 1447 1602 ulteriore
1458 1555 1790 1619 prosecutione

508 1726 709 1764 Honsseur.

508 1787 562 1822 Le
582 1785 742 1821 chateau
761 1783 808 1821 de
826 1787 1016 1834 Touques.

471 1873 478 1880 .
511 1846 564 1881 Le
582 1843 742 1881 chateau
763 1843 810 1880 de
829 1843 1064 1883 Chambrois.

470 1933 477 1940 .
510 1903 633 1940 Raoul
657 1903 704 1941 de
727 1904 936 1940 Gaucourt.

470 1991 477 1999 .
510 1964 631 1999 Poton
659 1962 706 2000 de
734 1962 980 2000 Xaintrailles
1011 1962 1142 2000 n'etait
1164 1976 1302 2002 encore
1332 1978 1406 2014 que
1433 1963 1554 2016 grand
1581 1964 1720 2013 ecuyer
1742 1963 1794 2000 du

387 2021 445 2058 roi
462 2029 500 2058 ct
518 2020 623 2058 bailli
644 2021 692 2059 de
713 2022 834 2059 Berri.
850 2023 949 2059 C’est
972 2022 1119 2060 Gilbert
1138 2021 1185 2060 de
1205 2026 1256 2061 La
1269 2025 1423 2074 Fayette
1439 2023 1505 2073 qui
1523 2022 1612 2059 etait
1630 2022 1796 2074 premier

389 2081 580 2118 mare'chal
601 2094 649 2119 en
669 2084 786 2119 1449.

442 2142 479 2176 6.
512 2139 688 2192 Philippe
708 2140 755 2178 de
774 2141 909 2179 Culant
922 2173 931 2189 ‚
953 2142 1132 2193 seigneur
1149 2140 1195 2179 de
1213 2141 1408 2193 Jalognes.

443 2200 480 2237 7.
512 2198 641 2237 Pierre
662 2200 708 2237 de
727 2200 842 2237 Breze
862 2200 951 2237 etait
967 2200 1142 2238 sc'nechal
1161 2201 1207 2238 de
1222 2202 1371 2238 Poitou.
1391 2201 1420 2238 Il
1441 2213 1490 2238 ne
1507 2200 1542 2238 le
1562 2200 1618 2237 fut
1634 2198 1680 2237 de
1699 2202 1797 2237 Nor-

391 2258 541 2296 mandie
561 2260 739 2310 qu'apres
760 2261 796 2297 la
815 2261 1040 2298 soumission
1064 2261 1111 2298 de
1130 2263 1282 2300 Rouen.

444 2321 480 2356 8.
513 2322 608 2356 Jean
628 2319 929 2367 d'Estouteville,
945 2319 1227 2370 grand-maitre
1241 2321 1307 2359 des
1322 2320 1563 2359 arbaletriers
1579 2319 1625 2358 de
1638 2323 1794 2367 Franoe,

393 2378 483 2415 dont
507 2378 653 2416 Robert
676 2378 834 2417 Blondel
855 2379 920 2416 fait
942 2380 1078 2431 l’eloge
1098 2393 1144 2417 en
1165 2394 1225 2418 ces
1252 2390 1389 2418 termes
1408 2396 1415 2416 :
1443 2396 1458 2414 «
1477 2383 1615 2417 Potens
1641 2389 1677 2416 et
1704 2393 1798 2417 con-

391 2438 511 2475 sultus
535 2440 798 2490 propositique
826 2449 939 2477 tenax
955 2469 964 2486 ,
990 2440 1102 2477 heros
1126 2443 1409 2485 Destouteville,
1436 2439 1629 2490 generosis
1659 2447 1695 2476 et
1717 2452 1797 2476 ma-

393 2507 498 2534 terna
520 2508 619 2536 sorte
643 2499 948 2550 locupletissimis
971 2499 1121 2537 duobus
1147 2499 1226 2547 ejus
1249 2499 1378 2537 liberis
1397 2499 1628 2544 illustratus,
1651 2499 1797 2535 exerci-

392 2555 593 2594 tatissimos
616 2557 717 2595 bello
730 2587 740 2603 ‚
759 2559 952 2596 neminem
971 2572 1086 2609 supra
1099 2588 1109 2604 ‚
1134 2559 1410 2596 commilitones
1427 2588 1436 2605 ‚
1459 2558 1524 2608 qui
1551 2565 1604 2594 tot
1623 2556 1770 2595 labores
1786 2586 1795 2602 ‚

397 2621 470 2660 tot,
503 2628 570 2664 per
595 2629 699 2654 mare
726 2625 763 2654 et
782 2625 903 2654 terras
918 2647 927 2663 ‚
949 2617 1142 2668 pericula,
1165 2632 1236 2669 pro
1265 2618 1522 2655 sacratissimae
1546 2617 1652 2667 rupis
1674 2615 1797 2654 Sancti

397 2671 590 2709 Michaelis
624 2675 937 2722 conservatione,
968 2676 1150 2725 tulerunt,
1182 2690 1269 2714 cum
1297 2677 1494 2714 Britonum
1529 2674 1698 2713 exercitu
1728 2673 1796 2710 ad—

393 2731 534 2779 J’unxit.
555 2750 569 2763 υ
595 2735 761 2769 Assertio
777 2737 1031 2783 Normanm‘ae,
1046 2736 1073 2773 l.
1092 2739 1163 2783 III,
1182 2750 1214 2774 c.
1239 2751 1266 2773 1.

451 2793 488 2830 9.
520 2790 663 2827 Robert
684 2791 984 2840 d’Estouteville,
1005 2795 1141 2843 pre'vot
1160 2797 1206 2832 de
1226 2796 1345 2833 Paris.

439 1728 478 1998 vesco-mg*
