2037 3442
441 293 457 326 1
469 292 516 326 28
812 289 1109 325 HISTORIAM]
1116 292 1152 324 M
1180 293 1237 325 CA
1244 292 1358 326 ROLI
1388 294 1415 326 V
1419 294 1455 326 11

438 371 669 418 namentis
686 371 979 424 infestarent,
1000 371 1265 431 cogitarunt
1283 371 1370 433 ipsi
1388 371 1564 417 obsessi
1583 384 1754 435 quaten
1764 393 1831 436 us,

438 452 474 495 si
503 459 715 513 possent,
742 449 1007 510 Flamingos
1039 465 1092 494 ex
1134 448 1258 494 dicta
1299 450 1563 496 munitione
1593 451 1836 513 ejicerent,

437 537 612 573 certam
628 526 933 571 nihilominus
945 542 1075 588 spem
1090 525 1316 571 habentes
1331 525 1389 571 de
1405 526 1609 573 adventu
1623 530 1838 591 proximo

439 603 594 649 classis
618 613 757 665 atque
780 603 1010 649 exercitus
1040 602 1265 662 militum,
1290 603 1396 664 qui,
1420 619 1507 665 pro
1532 621 1613 649 sua
1637 605 1839 652 subven-

438 681 566 725 tione
589 690 730 742 atque
756 679 956 738 auxilio,
984 680 1032 724 in
1051 679 1206 724 littore
1225 679 1480 741 Anglicano
1507 681 1833 743 apparabatur.

438 756 657 813 Quodam
696 757 836 818 igitur
860 756 962 814 die,
995 772 1104 801 cum
1136 756 1455 819 explorassent
1493 758 1621 819 prius
1662 758 1839 806 obsessi

438 833 624 896 qualem
646 833 908 878 custodiam
934 848 1107 894 quasve
1131 832 1305 894 vigilias
1339 832 1545 896 praedicti
1565 835 1839 881 Gaudenses

434 911 482 955 in
506 910 627 955 dicta
651 926 733 955 sua
761 909 1064 954 observarent
1088 910 1376 965 munitione,
1405 910 1605 971 aggressi
1632 920 1739 955 sunt
1772 911 1840 973 ip-

437 1003 533 1032 sam
560 987 871 1032 munitionem
889 1002 1171 1049 expugnare.
1195 985 1265 1033 Ad
1282 1002 1431 1048 quam
1457 1003 1504 1031 se
1532 986 1839 1033 admoventes

438 1072 482 1107 et
516 1063 658 1108 scalas
692 1064 751 1108 ad
786 1080 1095 1108 conscensum
1131 1063 1445 1125 applicantes,
1483 1063 1612 1109 nulla
1650 1065 1838 1110 inventa

436 1140 718 1196 resistentia,
739 1139 889 1202 ipsam
914 1139 1211 1184 introierunt.
1237 1142 1286 1183 ln
1307 1155 1398 1200 qua
1421 1156 1528 1184 cum
1548 1139 1834 1201 Flamingos,

437 1215 575 1260 nimis
623 1215 681 1260 de
730 1231 811 1261 sua
859 1224 1191 1278 praesumentes
1234 1217 1478 1262 securitate
1501 1254 1511 1275 ,
1556 1218 1840 1262 invenissent

436 1293 551 1338 alios
574 1309 743 1338 somno
768 1293 1036 1356 indulgere,
1061 1293 1174 1338 alios
1196 1294 1665 1340 commessationibus
1685 1305 1729 1340 et
1753 1312 1836 1358 po-

436 1368 717 1428 tationibus,
759 1370 874 1415 alios
910 1386 1022 1415 vero
1056 1380 1235 1415 tesserae
1270 1371 1341 1416 vel
1377 1371 1484 1416 aleae
1520 1371 1646 1432 jactu
1685 1372 1834 1416 otium

434 1444 651 1506 effugere,
678 1446 802 1508 ipsos
824 1445 937 1490 nihil
959 1445 1121 1490 talium
1147 1447 1448 1509 suspicantes,
1477 1447 1768 1510 improvidos
1793 1456 1839 1492 et

434 1522 562 1567 velut
582 1523 828 1582 attonitos,
855 1522 1090 1585 pecudum
1109 1539 1239 1568 more
1253 1559 1264 1579 ,
1286 1523 1559 1585 jugularunt
1577 1533 1620 1568 et
1641 1523 1836 1568 obtrun-

435 1609 617 1644 carunt.
647 1600 788 1661 Cujus
811 1600 1053 1644 infortunii
1087 1617 1197 1645 cum
1230 1600 1351 1645 fama
1381 1601 1533 1646 statim
1569 1600 1835 1661 Flamingo-

435 1691 538 1719 rum
564 1685 709 1720 castra
744 1675 1002 1738 implesset,
1030 1676 1262 1738 simulque
1300 1678 1440 1722 etiam
1478 1677 1608 1739 quod
1643 1676 1833 1738 quidam

435 1767 490 1795 ex
507 1751 618 1813 ipsis
638 1751 860 1812 Anglicis,
882 1752 1134 1796 scurriiiter
1154 1753 1264 1814 ipsis
1279 1752 1831 1813 Flamingisinsultantes,

436 1844 516 1872 eos
544 1828 629 1872 sibi
655 1828 966 1873 venumdatos
987 1837 1031 1872 et
1057 1828 1200 1890 paulo
1224 1839 1331 1891 post
1353 1828 1608 1873 tradendos
1631 1827 1833 1873 liberan-

436 1905 617 1966 (losque
640 1905 1000 1961 acclamassent,
1029 1920 1178 1966 pavor
1202 1920 1399 1965 magnus
1431 1905 1742 1966 moestitiaque
1766 1905 1835 1966 ip„

438 1997 597 2025 sorum
622 1980 969 2041 Flamingorum
997 1979 1180 2023 animos
1202 1979 1370 2024 affecit.

909 2178 1246 2223 CAPITULUM
1282 2179 1357 2220 lx.

684 2305 874 2349 Quomodo
893 2304 1062 2350 Flamingi
1079 2303 1121 2336 dc
1140 2316 1198 2337 sua
1216 2303 1398 2337 obsidione
1414 2305 1586 2350 fugerunt.

500 2429 730 2486 Factaque
759 2423 899 2484 vulgo
926 2424 1047 2468 inter
1070 2440 1149 2467 eos
1184 2422 1561 2468 conclamatione
1585 2433 1630 2469 et
1654 2424 1835 2469 fremitu

436 2522 606 2566 niagno
638 2503 768 2567 quod
803 2503 1017 2549 hostibus
1043 2502 1280 2566 prodendi
1316 2502 1625 2565 tradendique
1658 2514 1832 2560 essent,

435 2597 726 2643 aurumque,
775 2598 870 2643 quo
923 2579 1198 2625 venumdati
1242 2579 1422 2638 forent,
1473 2596 1527 2625 ex
1585 2579 1745 2642 Anglia
1788 2581 1830 2624 in

437 2657 654 2721 proximo
679 2657 833 2702 afferri
860 2655 1082 2715 deberet,
1120 2656 1271 2714 illico,
1300 2656 1477 2719 absque
1505 2656 1574 2700 sui
1615 2656 1834 2720 principis

440 2735 581 2792 scitu,
610 2734 698 2794 ¹qui
729 2750 836 2778 cum
874 2735 967 2778 suis
1000 2734 1201 2779 Picardis
1237 2750 1434 2779 numero
1471 2734 1629 2796 paucis
1657 2749 1710 2777 ex
1746 2732 1832 2778 alia
