2037 3442
440 308 509 348 138
808 312 1143 348 HISTORIARUM
1173 313 1352 348 CAROLI
1379 315 1446 348 VII

886 491 1223 537 CAPITULUM
1257 492 1377 535 Xlll.

536 613 693 655 Qualiter
723 613 867 646 Carolus
896 625 957 646 rex
985 613 1062 646 urbi
1096 612 1280 646 Parisiensi
1312 612 1471 646 subvenit
1494 614 1727 660 expugnando

625 672 913 716 Monsterolium‚
932 671 1058 706 Meldis
1070 699 1078 714 ,
1097 672 1355 717 Montem-Argi
1371 680 1402 704 et
1420 672 1633 707 Creduliurn.

496 775 614 831 Sed,
645 785 694 820 ut
727 776 824 837 jam
863 775 1091 834 diximus,
1129 774 1237 819 licet.
1258 773 1569 819 infortunium
1592 773 1684 819 hoc
1720 792 1829 838 pro-

432 855 593 900 vinciae
628 855 939 901 Borboniensi
969 865 1014 900 et
1054 854 1185 899 terris
1214 853 1562 916 adjacentibus,
1599 869 1626 899 a
1662 854 1831 916 quibus

430 933 607 980 bellum
633 934 753 979 istud
778 934 1089 981 domesticum
1121 933 1449 992 tumultuavit‚
1477 933 1678 996 plurima
1717 942 1833 978 attu-

429 1010 534 1055 lerit
566 1010 761 1070 damna,
798 1028 853 1056 ex
886 1027 942 1056 eo
976 1021 1133 1057 tamen
1162 1009 1380 1055 nonnihil
1414 1009 1623 1054 utilitatis
1659 1018 1704 1053 et
1736 1009 1832 1070 regi

431 1089 625 1135 obvenit
644 1101 690 1136 et
713 1107 874 1153 regno.
904 1093 969 1135 Ex
985 1090 1078 1136 hoc
1102 1090 1229 1135 enim
1251 1090 1348 1152 ipse
1370 1105 1467 1146 rex,
1496 1088 1575 1150 qui
1592 1103 1676 1151 per
1693 1088 1831 1150 longa

429 1177 538 1212 ante
577 1176 817 1231 tempora,
850 1170 973 1214 velut
1008 1184 1175 1213 somno
1215 1167 1450 1231 sepultuS,
1492 1165 1828 1229 obtorpuerat,

429 1246 662 1310 nullisque
686 1264 817 1310 paene
840 1247 1019 1293 bellicis
1042 1246 1370 1293 obsidionibus
1392 1263 1595 1309 praesens
1616 1245 1828 1304 affuerat,

430 1327 652 1372 excitatus
679 1336 771 1384 est,
799 1336 845 1372 et
870 1328 1133 1373 necessitati
1155 1327 1275 1372 illius
1304 1343 1396 1372 suae
1433 1327 1566 1388 regiae
1589 1325 1716 1371 urbis
1748 1329 1833 1370 Pa-

428 1402 655 1461 risiensis,
678 1413 791 1448 tunc
809 1403 1180 1461 desolatissimae,
1202 1404 1364 1449 solatia
1383 1403 1547 1449 afferre
1568 1401 1827 1448 inchoavit.

429 1477 625 1525 Obsedit
658 1479 783 1524 enim
809 1480 1017 1543 primum
1050 1488 1255 1525 castrum
1280 1478 1395 1524 illud
1428 1478 1733 1524 fortissimum
1760 1486 1832 1522 at-

427 1571 520 1616 que
544 1555 911 1602 munitissimum
936 1556 1291 1602 Monsterolium
1310 1591 1321 1613 ,
1345 1554 1405 1601 ad
1435 1554 1727 1601 confluentes
1752 1554 1832 1598 Se-

428 1647 633 1691 quanam
666 1641 711 1678 et
732 1635 914 1678 Yonam
946 1634 1086 1678 situm
1106 1635 1138 1691 ¹,
1166 1633 1213 1677 in
1250 1648 1345 1694 quo
1372 1631 1480 1677 satis
1510 1630 1664 1676 valida
1700 1629 1833 1691 Angli

428 1707 641 1770 praesidia
665 1718 944 1771 posuerant,
966 1709 1215 1771 ipsumque
1241 1718 1429 1753 strenue
1452 1718 1497 1752 et
1519 1715 1737 1770 potenter
1759 1721 1833 1750 ex-

428 1783 654 1846 pugnavit
675 1793 721 1828 et
743 1784 867 1846 cepit
888 1801 896 1827 :
928 1800 1011 1845 per
1034 1783 1166 1844 quod
1195 1799 1222 1828 a
1247 1783 1479 1845 superiori
1504 1781 1614 1826 urbs
1644 1780 1722 1826 illa
1751 1783 1832 1826 Pa-

430 1860 633 1905 risiensis
671 1877 755 1923 per
794 1859 961 1905 eadem
1001 1860 1197 1905 flumina
1232 1859 1427 1904 liberam
1461 1857 1627 1903 habuit
1665 1856 1831 1902 exinde

431 1937 800 2000 navigationem,
825 1936 957 2000 quod
977 1953 1073 1982 non
1092 1952 1240 2000 parvo
1260 1935 1414 1981 eidem
1433 1935 1516 1980 fuit
1534 1934 1826 1996 adjumento.

495 2014 692 2060 Obsedit
734 2024 780 2060 et
828 2014 1001 2060 deinde
1042 2013 1276 2059 civitatem
1322 2011 1636 2068 Meldensem,
1688 2025 1831 2072 quam

432 2093 570 2138 etiam
586 2108 670 2155 per
692 2091 918 2137 insultum
939 2090 1147 2136 validum
1166 2090 1450 2154 expugnavit
1472 2098 1517 2134 et
1537 2088 1661 2151 cepit
1677 2090 1705 2131 ².
1728 2089 1830 2143 Qua

432 2178 637 2232 recepta,
657 2169 866 2231 ejusdem
886 2170 1082 2215 civitatis
1102 2168 1257 2213 forum
1274 2169 1305 2226 ³,
1329 2184 1412 2213 arx
1433 2166 1714 2222 firmissima,
1738 2167 1831 2211 Ma-

433 2257 560 2293 terna
597 2248 789 2293 flumine
824 2249 1191 2309 circumquaque
1226 2246 1401 2303 cincta,
1435 2244 1732 2307 compulsum
1764 2251 1830 2288 est

431 2326 491 2371 ad
513 2325 822 2372 deditionem.

486 2481 521 2514 ’1.
554 2482 606 2515 Le
624 2479 726 2530 siege
748 2478 795 2515 de
814 2481 1035 2516 Montereau
1056 2488 1120 2517 eut
1144 2480 1221 2516 lieu
1241 2479 1330 2516 trois
1353 2491 1420 2515 ans
1440 2485 1554 2515 avant
1573 2476 1609 2513 la
1628 2488 1765 2527 guerre
1784 2473 1831 2511 de

432 2536 467 2572 la
486 2538 689 2587 Praguerie
705 2569 714 2585 ,
735 2551 782 2575 en
799 2539 914 2574 1437.
941 2539 996 2578 Cf,
1016 2541 1111 2575 Jean
1131 2540 1314 2584 Clmrffier,
1333 2537 1426 2574 dans
1445 2535 1655 2584 Godesroy,
1675 2548 1713 2584 p.
1738 2535 1801 2572 94.

487 2597 522 2631 2.
554 2600 606 2633 La
640 2597 740 2646 prise
771 2597 818 2633 de
840 2599 977 2634 Meaux
1016 2607 1078 2635 eut
1107 2599 1180 2635 lieu
1212 2610 1259 2634 en
1293 2598 1410 2643 1439,
1441 2604 1477 2633 et
1502 2595 1536 2632 le
1559 2594 1616 2631 roi
1640 2596 1702 2642 11'y
1724 2599 1832 2643 parut

436 2658 552 2708 point.
584 2662 661 2706 Id„
685 2661 795 2708 ibid.‚
815 2676 851 2711 p.
875 2664 965 2702 100.

489 2721 525 2754 3.
558 2721 609 2754 Le
642 2720 793 2756 marche
819 2720 865 2758 de
890 2725 1043 2769 Meaux,
1065 2723 1184 2773 partie
1210 2721 1366 2758 fortifiee
1387 2720 1433 2757 de
1451 2720 1486 2756 la
1505 2719 1595 2758 ville
1615 2731 1678 2755 sur
1697 2717 1731 2754 la
1750 2716 1830 2753 rive

434 2780 578 2831 gauche
593 2779 638 2816 de
659 2780 692 2816 la
714 2784 856 2829 Marne,
879 2781 970 2818 dans
992 2795 1064 2818 une
1085 2780 1289 2832 presqu'ile
1306 2780 1447 2817 formee
1470 2791 1538 2828 par
1557 2785 1652 2814 cette
1673 2775 1825 2813 riviere.
