2037 3442
765 278 907 312 LIBER
935 278 1150 316 TERTIUS.
1587 277 1651 310 1421

269 359 424 404 inultis
448 359 545 405 aliis
570 361 824 420 Anglorum
859 359 1087 404 veteranis
1106 358 1304 404 ducibus
1335 369 1474 420 atque
1498 358 1660 404 militi-

267 434 354 480 bus
382 436 459 497 qui
478 435 556 480 diu
577 436 622 479 in
644 436 833 480 Francia
861 436 1197 491 militaverant,
1215 452 1323 480 cum
1345 435 1654 495 festinatione,

268 512 464 556 obsessis
504 511 667 557 solatia
708 513 1020 575 piastiturus,
1063 513 1148 557 iter
1185 513 1396 575 arripuit.
1428 512 1517 557 Sed
1551 529 1659 558 cum

267 591 484 648 Francos,
504 590 582 651 qui
602 590 646 634 in
667 591 949 635 monasterio
965 590 1118 634 Sancti
1136 591 1319 635 Martini
1333 600 1480 648 erant,
1501 607 1654 649 muro,

266 662 387 709 fossa
409 674 453 709 et
485 665 619 709 variis
653 665 878 710 machinis
901 665 1035 710 valde
1059 667 1264 710 munitos
1284 665 1580 726 intelligeret,
1609 677 1661 711 ut

265 755 345 784 eos
363 741 441 801 qui
462 758 514 786 ex
537 741 625 786 alia
643 742 848 787 fluminis
868 752 998 804 parte
1017 752 1166 787 castra
1190 751 1461 804 posuerant,
1486 743 1533 786 in
1555 744 1657 804 qui-

264 815 351 860 bus
374 827 467 861 erat
494 834 570 861 rex
589 855 598 875 ‚
620 819 840 863 invadere
864 828 1042 881 posset,
1070 827 1214 880 ponte
1231 834 1286 862 ex
1305 816 1441 861 doliis
1461 827 1499 861 et
1525 818 1656 863 tabu-

262 895 316 939 lis
346 896 555 943 celeriter
580 908 849 943 constructo
872 933 883 954 ‚
922 899 1096 942 flumen
1133 900 1264 942 lsarae
1300 913 1394 942 una
1427 913 1534 941 cum
1570 915 1655 942 suo

263 974 466 1018 exercitu
501 975 722 1019 transivit.
769 978 1021 1019 Posuerant
1048 973 1280 1034 siquidem
1314 973 1475 1018 Franci
1499 983 1654 1018 custo-

262 1047 360 1093 dias
385 1049 582 1094 militum
608 1051 665 1095 ad
693 1051 841 1113 ripam
867 1050 1097 1104 fluminis,
1125 1049 1204 1110 qui
1232 1049 1385 1109 Anglis
1411 1051 1652 1095 transitum

263 1123 502 1168 inhibituri
521 1125 671 1170 forent
690 1146 701 1183 ;
723 1125 851 1187 quod
870 1125 1029 1186 utique
1046 1124 1175 1169 baud
1192 1124 1379 1169 difficile
1397 1124 1519 1170 factu
1537 1137 1651 1182 erat,

259 1198 293 1241 si
319 1199 560 1259 vigilanter
580 1212 659 1246 aut
682 1201 874 1246 solerter
894 1200 953 1245 ad
975 1199 1069 1244 hoc
1093 1200 1415 1245 intendissent.
1438 1201 1528 1246 Sed
1546 1218 1654 1247 cum

259 1293 355 1322 non
381 1280 486 1324 satis
511 1281 715 1326 studiose
738 1280 783 1325 id
805 1290 1017 1325 curatum
1043 1281 1222 1338 fuisset,
1252 1280 1458 1325 transivit
1478 1281 1652 1327 flumen

258 1366 383 1402 totus
415 1360 671 1420 Anglorum
707 1361 951 1406 exercitus.
998 1362 1111 1415 Quae
1146 1376 1218 1404 res
1254 1376 1362 1405 cum
1401 1359 1461 1404 ad
1500 1362 1652 1406 Caroli

259 1434 375 1494 regis
400 1436 612 1481 notitiam
641 1438 926 1500 perveniret,
954 1436 1034 1498 qui
1058 1435 1333 1480 validiorem
1357 1452 1548 1481 suarum
1572 1455 1651 1483 co-

256 1510 437 1572 piarum
459 1522 637 1574 partem
660 1530 713 1558 ex
735 1512 822 1558 alia
843 1521 972 1575 parte
988 1512 1193 1555 fluminis
1214 1511 1437 1569 habebat,
1460 1512 1650 1559 dimisso

256 1588 538 1633 monasterio
561 1589 861 1634 dominarum
885 1588 943 1633 de
971 1587 1253 1632 Malo—Rubo
1279 1604 1360 1633 seu
1394 1589 1546 1634 Dumo
1566 1626 1576 1645 ‚
1604 1591 1647 1635 in

253 1679 348 1724 quo
385 1665 540 1709 multis
579 1675 762 1710 steterat
805 1664 994 1723 diebus,
1040 1663 1099 1709 ad
1139 1663 1295 1709 villam
1339 1665 1589 1710 Pis-siacum
1608 1670 1644 1723 ¹,

253 1748 378 1785 trans
410 1741 705 1802 Sequanam,
744 1741 823 1786 ubi
863 1742 1000 1786 etiam
1034 1749 1101 1785 est
1136 1739 1648 1801 magnificentissimum

252 1818 570 1879 religiosarum
601 1820 966 1877 monasterium,
993 1834 1040 1862 se
1066 1818 1264 1880 recepit,
1292 1817 1532 1862 declinans
1570 1835 1647 1863 sa-

251 1894 431 1955 pienter
451 1894 573 1940 illius
591 1896 841 1957 Angloruin
863 1895 1086 1940 exercitus
1107 1910 1373 1939 occursum.
1391 1895 1471 1939 Sui
1490 1904 1645 1940 tamen

251 1969 393 2015 duces
427 1980 472 2015 et
506 1971 797 2031 Ludovicus‚
838 1971 960 2017 filius
995 1972 1117 2033 ejus,
1163 1969 1221 2015 ab
1261 1970 1520 2016 obsidionis
1555 1989 1646 2018 sua*

250 2046 433 2101 castris,
456 2064 557 2108 quae
576 2048 621 2092 in
644 2049 927 2094 monasterio
947 2047 1099 2092 Sancti
1118 2047 1329 2105 Martini,
1352 2057 1402 2092 ut
1421 2047 1642 2105 diximus,

249 2131 466 2183 potenter
488 2123 622 2168 valde
643 2125 932 2182 munierant,
960 2123 1151 2168 minime
1178 2123 1494 2168 decesserunt.

312 2201 427 2243 Cum
452 2215 564 2244 vero
591 2199 682 2244 dux
709 2200 906 2245 Eboraci
923 2216 1030 2245 cum
1049 2200 1143 2244 suis
1166 2198 1338 2261 Anglis‚
1366 2200 1446 2260 qui
1472 2216 1641 2262 magno

247 2283 378 2319 crant
417 2291 639 2332 numero,
678 2292 811 2337 agros
846 2275 948 2320 illos
984 2275 1187 2320 Franciae
1228 2275 1405 2319 circum
1443 2276 1641 2321 Parisios

248 2350 402 2395 fuisset
427 2351 821 2413 circumvagatus,
850 2368 936 2397 nec
959 2350 1075 2396 inibi
1098 2367 1337 2396 annonam
1359 2388 1369 2409 ,
1407 2361 1486 2397 aut
1512 2353 1640 2397 colo-

246 2444 353 2484 nos,
379 2427 465 2471 nisi
487 2429 744 2474 rarissimos
759 2466 769 2485 ‚
800 2429 1006 2473 invenire
1035 2437 1219 2490 posset,
1243 2437 1434 2489 urgente
1458 2428 1578 2474 farne
1596 2439 1640 2474 et

242 2505 460 2564 penuria,
478 2505 599 2551 intra
621 2506 926 2570 paucissimos
940 2505 1039 2550 dies
1063 2514 1253 2550 coactus
1268 2515 1335 2550 est
1360 2506 1460 2550 sine
1485 2505 1639 2551 fructu

243 2582 452 2629 inefficax
479 2585 645 2630 reverti
674 2584 1035 2646 Rothomagum.
1064 2585 1207 2628 Tanta
1227 2593 1384 2628 autem
1404 2583 1537 2629 famis
1560 2601 1639 2630 ne-

298 2741 311 2775 1
327 2768 333 2775 .
366 2738 506 2789 Poissy.
