2142 3473
509 269 531 303 Ξ.)
1076 268 1329 305 PRAEFATIO
1336 297 1343 304 .

507 347 778 410 hujusmodi
801 364 964 395 causas
1000 349 1285 409 attollendo,
1312 351 1384 398 vel
1415 353 1629 415 nequiter
1664 362 1709 398 et
1742 351 1905 397 dolose

505 440 586 469 seu
626 424 856 486 ignaviter
887 434 989 470 acta
1023 425 1208 470 silentio
1244 428 1569 489 praetereundo
1601 437 1682 474 aut
1722 427 1906 473 nebulis

505 498 814 546 confictarum
833 510 877 546 et
892 500 1230 547 mendosarum
1248 504 1601 549 excusationum
1617 503 1901 565 obtegendo⁷

502 576 748 622 veritatem
779 577 982 623 historice
1017 588 1063 624 et
1096 577 1263 624 debitae
1288 580 1646 643 conscriptionis
1680 596 1905 643 corrupe-

502 663 638 713 runt3
665 670 726 699 ne
751 670 778 700 a
806 654 976 701 talibus
999 655 1132 701 vanis
1155 665 1201 700 et
1226 655 1464 701 mendosis
1486 657 1656 720 scripta
1681 657 1905 703 adulato-

501 728 664 790 ribus,
705 747 911 793 quorum
953 731 1170 777 nonnulli
1206 732 1363 777 forsan
1403 730 1464 777 ad
1499 748 1572 776 res
1607 733 1901 791 scribendaS‚

499 823 702 870 quarum
725 809 969 855 veritatem
991 808 1202 856 habuere
1225 809 1313 873 ipsi
1339 819 1631 873 compertam
1646 846 1658 868 ⁷
1686 826 1785 856 sese
1820 810 1904 857 de-

499 884 696 944 derunt,
726 886 958 948 legentes,
1000 886 1113 933 falsa
1149 903 1237 950 pro
1264 887 1384 932 veris
1422 885 1780 950 amplectende,
1816 888 1905 932 cir-

496 962 758 1007 cumveniri
802 979 855 1008 ac
898 962 1054 1027 decipi
1084 964 1133 1008 in
1170 972 1416 1027 posterum
1456 963 1731 1024 contingat,
1766 962 1905 1009 nobis

495 1039 656 1084 animo
694 1039 847 1085 visum
885 1050 953 1086 est
991 1040 1198 1087 duorum
1223 1044 1512 1086 Francorum
1548 1057 1712 1103 regum
1757 1042 1905 1087 nostri

494 1115 578 1160 aevi
606 1131 661 1161 ac
696 1117 924 1180 temporis
947 1133 1020 1162 res
1043 1127 1193 1179 gestas
1211 1154 1222 1176 7
1250 1133 1364 1180 quas
1390 1132 1561 1178 magna
1592 1133 1647 1162 ex
1677 1126 1808 1180 parte
1830 1119 1904 1164 vel

496 1191 581 1255 ipsi
606 1193 829 1254 vidimus,
856 1193 931 1239 vel
964 1194 1133 1241 talibus
1157 1195 1398 1240 consecuti
1421 1210 1583 1240 sumus
1607 1193 1899 1254 auctoribus,

494 1268 553 1314 de
577 1285 782 1331 quorum
807 1270 902 1317 fide
936 1271 1131 1317 minime
1154 1271 1276 1317 foret
1310 1270 1667 1333 ambigendum,
1707 1270 1870 1316 litteris
1888 1307 1899 1328 ‚

493 1344 550 1391 ad
570 1355 871 1409 posterorum
892 1347 1139 1394 utilitatem
1156 1358 1201 1394 et
1217 1348 1471 1405 cautelam,
1492 1347 1692 1410 dirigere
1711 1357 1757 1393 et
1772 1363 1905 1393 man-

494 1420 622 1468 dare.
653 1422 728 1468 Sic
760 1424 916 1484 enim,
957 1427 1059 1470 Deo
1092 1424 1334 1487 adjutore,
1372 1440 1614 1487 speramus
1649 1441 1707 1469 ex
1739 1433 1902 1469 nostro

492 1498 680 1544 litterali
703 1499 802 1545 otio
833 1500 1053 1546 nonnihil
1074 1500 1341 1563 legentibus
1364 1510 1409 1546 et
1438 1499 1787 1546 attendentibus
1812 1501 1905 1545 uti-

497 1574 657 1633 litatis,
684 1575 816 1637 quod
840 1593 938 1622 non
970 1577 1141 1639 injuste
1165 1577 1423 1640 plurimum
1448 1576 1703 1638 negotiosis
1732 1575 1906 1622 labori-

496 1650 585 1696 bus
605 1651 811 1697 conferri
833 1653 907 1698 vel
930 1654 1071 1699 etiam
1093 1654 1295 1717 proferri
1316 1653 1488 1718 possit,
1514 1653 1764 1712 allaturos,
1792 1669 1904 1698 cum

496 1743 552 1772 ex
572 1727 644 1773 his
678 1728 860 1790 liquido
897 1730 1154 1793 unicuique
1190 1741 1349 1794 patere
1391 1731 1540 1794 possit
1571 1746 1713 1793 quam
1757 1729 1905 1792 fragili

497 1805 604 1850 loco
625 1805 890 1851 constitutae
914 1806 1008 1854 sint
1033 1823 1107 1852 res
1138 1806 1384 1866 humanae,
1411 1816 1456 1851 et
1478 1823 1638 1869 quam,
1662 1807 1710 1852 in
1735 1807 1903 1852 iisdem

495 1898 629 1945 spem
650 1892 905 1945 ponentes,
929 1899 977 1929 se
997 1883 1185 1928 delusos
1205 1892 1249 1928 et
1268 1899 1349 1945 spe
1369 1883 1489 1928 vana
1510 1883 1750 1929 frustratos
1774 1883 1904 1929 facile

497 1959 755 2004 inveniant.
795 1961 909 2015 Quae
948 1976 1048 2019 res,
1088 1960 1125 2005 si
1158 1959 1272 2022 quid
1316 1960 1502 2022 sapiunt
1540 1959 1784 2020 homines,
1823 1977 1904 2007 eos

497 2035 708 2098 profecto
731 2035 904 2082 ducere
923 2036 1064 2083 debet
1080 2037 1139 2083 ad
1170 2053 1302 2100 spem
1333 2047 1376 2082 et
1398 2037 1700 2083 dilectionem
1730 2038 1777 2082 in
1802 2039 1903 2083 solo

501 2130 636 2173 vero,
675 2129 863 2159 summo
893 2125 939 2161 et
960 2124 1135 2161 aeterno
1163 2114 1296 2160 bono
1322 2113 1557 2176 figendam
1587 2124 1633 2160 et
1662 2131 1904 2178 reponen—

497 2190 625 2237 dam.

562 2266 746 2322 Quibus
767 2267 833 2313 sic
852 2266 1117 2330 praemissis,
1132 2275 1395 2330 susceptam
1412 2266 1730 2313 narrationem
1741 2283 1903 2330 aggre-

498 2343 700 2390 dicmur.
