2037 3442
405 362 479 396 :200
784 355 1123 392 HISTORIARUM
1148 353 1326 390 CAROLI
1357 355 1425 389 VII

404 437 701 486 obtinebant.
738 438 858 482 Cum
889 445 1048 481 autem
1069 451 1166 480 uno
1192 435 1293 493 die,
1317 449 1477 479 mense
1500 433 1649 493 maio,
1677 441 1728 478 ut
1749 450 1805 478 ex

403 531 534 560 more
558 522 881 572 assueverant,
904 513 1028 558 circa
1054 520 1211 557 ortum
1239 511 1349 557 solis
1376 527 1460 574 per
1483 520 1676 575 pontem
1697 527 1807 555 cum

401 593 496 638 suis
519 590 736 637 curribus
754 589 993 635 transituri
1008 589 1288 648 venissent1,
1311 587 1683 649 clamassentque
1706 603 1809 631 cus-

402 668 502 714 todi
528 667 686 732 poutis
707 676 940 729 quatenus
964 666 1027 711 eis
1048 666 1295 711 transitum
1313 673 1358 709 et
1370 674 1555 728 portam
1573 664 1803 727 aperiret,

402 745 500 804 ille,
539 761 622 808 spe
657 760 796 789 suum
835 742 1025 788 solitum
1062 742 1371 787 honorarium
1406 740 1751 803 consequendi,
1782 757 1807 786 e

401 832 549 868 stratu
567 839 653 868 suo
669 820 882 867 alacriter
904 836 1220 883 consurgens,
1248 820 1342 865 suis
1365 819 1534 882 aurigis
1558 818 1645 864 sibi
1668 819 1810 864 notis-

402 900 528 945 simis
561 899 716 945 statim
739 908 935 961 pontem
961 898 1145 962 aperuit
1169 908 1216 943 et
1237 897 1454 959 januam,
1481 896 1597 941 nihil
1621 894 1810 942 insidia-

403 994 508 1022 rum
540 976 694 1023 dolive
719 974 996 1038 suspicatus.
1025 977 1133 1020 Erat
1158 973 1234 1019 ille
1257 974 1460 1035 armiger
1482 973 1716 1035 Anglicus,
1740 974 1810 1018 vir

403 1070 656 1115 generosus
680 1061 725 1097 et
748 1067 951 1114 corpore
965 1050 1101 1096 valde
1116 1050 1356 1096 robustus.
1380 1053 1500 1096 Cum
1518 1059 1675 1095 autem
1697 1048 1812 1094 alter

402 1147 457 1175 ex
489 1130 660 1191 aurigis
694 1128 781 1174 sub
811 1127 1000 1173 colobio
1027 1128 1291 1173 rusticano‘2
1316 1143 1447 1173 arma
1472 1136 1612 1190 atque
1649 1126 1811 1189 pugio-

403 1224 513 1253 nem
563 1215 736 1269 tegeret
762 1243 773 1265 ,
834 1216 879 1251 et
931 1222 1078 1268 usque
1124 1221 1264 1268 supra
1318 1205 1567 1251 levaticum
1617 1213 1810 1268 pontem

405 1300 597 1329 currum
630 1299 769 1328 suum
795 1281 1083 1339 advexisset,
1112 1282 1207 1326 ictu
1229 1282 1446 1344 pugionis
1466 1283 1621 1345 ipsum
1646 1280 1811 1343 Angli—

406 1376 514 1405 cum
550 1358 796 1404 custodem
823 1368 973 1421 portae
1004 1358 1237 1416 confodit,
1276 1368 1320 1403 et
1348 1375 1403 1403 ex
1439 1359 1534 1404 alto
1560 1359 1607 1403 in
1635 1358 1811 1402 flumen

406 1436 726 1499 praecipitavit.
744 1438 853 1480 Erat
872 1435 998 1479 enim
1014 1435 1113 1498 ipse
1130 1435 1291 1497 auriga
1306 1435 1378 1480 vir
1391 1435 1563 1480 militiae
1580 1444 1809 1493 assuetus,

406 1512 606 1558 multum
648 1512 788 1557 etiam
830 1511 1072 1557 robustus.
1109 1514 1229 1557 Cum
1271 1521 1427 1558 autem
1471 1513 1534 1557 ita
1571 1511 1814 1557 actitatum

408 1601 526 1636 esset
546 1628 557 1650 ,
597 1590 751 1635 statim
786 1590 950 1651 auriga
984 1589 1082 1653 ipse
1115 1589 1373 1636 clamorem
1402 1589 1611 1635 validum
1637 1588 1810 1646 emisit,

408 1668 714 1729 signumque,
739 1667 873 1728 juxta
889 1666 1183 1712 adstantibus
1210 1677 1253 1712 et
1275 1668 1321 1712 in
1343 1667 1519 1712 insidiis
1538 1668 1584 1712 in
1608 1665 1813 1729 quadam

408 1743 603 1789 aedicula
648 1744 918 1806 propinqua
957 1743 1207 1788 latentibus
1223 1781 1234 1803 ,
1277 1744 1465 1790 Francis
1506 1743 1649 1789 dedit.
1693 1742 1810 1801 Qui,

409 1821 615 1867 clamore
643 1821 807 1866 audito
823 1858 834 1880 ,
864 1821 962 1866 sine
989 1837 1122 1865 mora
1149 1820 1214 1883 ad·
1234 1830 1422 1884 portam
1442 1821 1490 1865 in
1514 1838 1606 1883 qua
1628 1820 1816 1866 stabant

411 1898 581 1959 aurigae
604 1907 935 1956 accurrerunt,
960 1906 1005 1941 et
1018 1905 1203 1959 portam
1218 1897 1510 1956 munientes,
1538 1896 1649 1942 dato
1675 1896 1808 1957 signo

411 1975 509 2020 aliis
532 1976 579 2019 in
600 1973 750 2018 multo
775 1973 953 2034 majore
968 1988 1169 2018 numero
1185 1972 1589 2018 commilitonibus
1604 1972 1716 2031 suis,
1737 1970 1819 2032 qui

412 2050 554 2115 paulo
574 2050 822 2095 distantius
840 2050 888 2094 in
914 2049 1102 2095 latebris
1119 2049 1404 2112 quibusdam
1423 2066 1472 2094 se
1492 2048 1812 2103 occuluerant,

413 2144 493 2173 eos
524 2127 743 2189 clangore
775 2126 898 2172 tubae
924 2127 1260 2185 accersierunt,
1282 2127 1363 2189 qui
1391 2125 1601 2172 similiter
1622 2134 1672 2171 ut
1690 2125 1818 2188 prio-

415 2221 487 2250 res
518 2220 724 2268 propero
751 2220 891 2249 cursu
916 2203 1252 2264 adventantes,
1286 2203 1465 2266 equites
1493 2202 1632 2248 simul
1666 2213 1711 2248 et
1739 2221 1818 2267 pe-

467 2347 504 2383 1.
536 2345 679 2382 Robert
705 2344 863 2383 Blondel
895 2358 1048 2382 nomme
1076 2346 1171 2382 celui
1198 2345 1263 2395 qui
1293 2345 1504 2382 conduisait
1533 2346 1568 2383 le
1594 2346 1752 2392 convoi,
1784 2355 1821 2382 et

411 2404 536 2451 ajoute
557 2405 649 2454 qu’il
673 2405 775 2442 avait
793 2405 965 2455 prevenu
986 2407 1006 2441 ἐι
1026 2405 1195 2441 l'avance
1213 2406 1247 2441 le
1266 2405 1412 2455 portier
1436 2419 1443 2439 :
1472 2422 1487 2436 «
1505 2405 1660 2454 quidam
1681 2417 1823 2441 merca-

414 2473 470 2500 tor
498 2465 730 2502 Guillermus
754 2469 871 2510 Hoel,
898 2465 1102 2502 Locoveris
1135 2465 1320 2501 oriundus
1337 2494 1346 2510 ‚
1374 2464 1434 2502 vir
1464 2464 1626 2515 ingentis
1656 2463 1822 2501 audaciae

413 2531 448 2558 et
483 2525 588 2561 mirae
621 2525 795 2571 astutiae,
834 2537 882 2561 ex
913 2523 1027 2561 rebus
1062 2537 1156 2573 quas
1199 2523 1478 2573 Rothomagnm
1515 2523 1656 2560 ducere
1694 2522 1823 2560 solitus

414 2591 515 2626 erat,
538 2583 763 2634 quadrigam
787 2592 921 2622 onerat
956 2593 994 2621 et
1022 2597 1091 2634 per
1122 2584 1408 2621 Pontis-Arcam
1435 2592 1691 2631 transmeans,
1713 2581 1822 2620 castri

409 2640 611 2686 janitorem
637 2643 813 2680 attentius
840 2651 924 2680 orat
951 2652 993 2680 ut
1023 2656 1127 2690 cras,
1158 2656 1306 2680 summo
1329 2656 1461 2690 mane,
1481 2643 1574 2680 alias
1594 2650 1823 2680 mercaturas

414 2701 619 2737 Locoveris
657 2703 857 2750 quaesitum
887 2712 1112 2753 reparatum
1141 2712 1289 2754 portam
1310 2703 1507 2754 aperiat.»
1539 2705 1701 2739 Assertio
1725 2704 1824 2739 Nor-

413 2765 591 2808 mmmiar,
614 2760 639 2797 l.
664 2763 681 2796 l
696 2789 705 2807 ,
727 2775 759 2796 c..
782 2775 853 2798 v11.

467 2821 504 2855 2.
537 2822 644 2858 Sorte
664 2819 711 2856 de
731 2820 933 2857 limousine
952 2834 1025 2870 que
1046 2822 1234 2872 pon-taient
1255 2822 1308 2858 les
1328 2833 1502 2871 paysans.
