2037 3442
647 327 788 361 LIBER
822 325 1044 371 QUINTUS.
1459 321 1533 355 257

146 424 241 453 non
275 424 360 470 pro
393 423 476 452 sua
500 406 693 451 utilitate
719 416 796 450 aut
823 405 916 450 fisci
941 407 1009 449 sui
1033 414 1309 466 augmento,
1337 402 1418 447 sed
1453 417 1537 464 pro

146 501 309 529 eorum
352 483 589 528 dumtaxat
627 482 773 527 salute
819 499 973 544 regem
1019 482 1107 527 boc
1139 481 1354 525 consulto
1391 479 1539 524 facere

145 559 260 604 velle
276 597 285 613 ,
317 570 363 604 ut
379 596 388 612 ,
412 559 469 604 de
491 558 812 620 hujuscemodi
838 558 1071 621 pecuniis,
1099 574 1238 619 super
1259 574 1306 601 se
1326 565 1369 601 et
1395 555 1538 618 patria

147 654 228 683 sua
252 638 477 695 levandis,
508 637 792 699 stipendium
818 646 946 681 certo
972 635 1144 679 militiae
1168 650 1367 679 numero
1391 632 1541 677 solve-

148 724 304 769 retur,
341 730 443 774 quae
479 730 564 775 pro
601 712 742 756 tutela
777 720 822 756 et
859 710 1131 755 defensione
1165 710 1351 772 patriae,
1392 726 1451 753 ne
1483 707 1542 752 ab

147 789 453 834 infestissimis
476 787 687 832 hostibus
706 786 984 831 detrimenta
1003 794 1296 847 paterentur,
1324 784 1417 828 illic
1441 784 1545 828 fuis-

149 874 217 909 set
246 865 502 920 collocata;
548 878 700 923 regem
736 878 842 917 eos,
871 861 935 905 uti
974 876 1109 915 suos,
1146 860 1286 904 tutari
1319 858 1461 917 velle,
1500 868 1545 902 et

150 944 196 988 in
222 960 334 1006 pace
367 959 420 987 ac
445 945 688 986 securitate
711 940 840 985 bona
862 938 1125 996 custodire;
1156 955 1241 983 nec
1264 939 1418 1000 ipsum
1454 937 1546 983 hoc

151 1039 287 1084 grave
310 1031 389 1067 aut
411 1020 656 1065 molestum
677 1020 741 1064 eis
756 1019 926 1064 debere
946 1018 1120 1074 videri,
1143 1035 1252 1063 cum
1274 1034 1369 1062 non
1396 1017 1548 1062 forent

151 1098 421 1160 hujusmodi
447 1114 560 1159 opes
584 1106 628 1141 et
651 1096 861 1159 pecuniae
884 1111 976 1140 suae
999 1094 1057 1139 ad
1092 1104 1236 1140 terras
1271 1094 1443 1139 alienas
1466 1094 1548 1138 de-

152 1174 420 1236 portandae,
457 1172 539 1217 sed
569 1172 694 1234 apud
721 1189 823 1228 eos,
854 1172 933 1232 qui
971 1187 1047 1215 eas
1081 1170 1432 1232 dependerent,
1467 1186 1549 1232 per

151 1250 340 1294 eosdem
360 1248 525 1293 milites
541 1249 873 1311 expendendae,
893 1258 936 1293 et
951 1247 1308 1310 quodammodo
1326 1247 1371 1291 in
1389 1247 1551 1292 bursas

151 1340 340 1380 eorum,
371 1340 394 1368 a
415 1324 584 1385 quibus
609 1325 889 1380 levarentur,
917 1323 1243 1380 refundendae,
1271 1340 1425 1385 regem
1455 1339 1551 1367 non

152 1400 530 1445 irrationabiliter
545 1401 751 1445 bostium
769 1438 778 1456 ,
799 1400 884 1446 sub
902 1417 1105 1463 quorum
1120 1401 1397 1463 ditioneper
1413 1401 1553 1462 longa

154 1485 276 1520 retro
325 1484 535 1537 tempora
584 1478 918 1534 constitissent,
961 1477 1097 1522 dolos
1114 1513 1124 1532 ,
1175 1476 1554 1522 machinamenta

153 1561 293 1613 atque
323 1550 514 1595 insidias
540 1552 815 1609 forinidare3
845 1569 956 1597 nam
987 1570 1095 1597 cum
1121 1552 1208 1597 illis
1232 1553 1554 1599 commodita-

154 1626 302 1681 tibus,
338 1641 452 1687 quas
489 1626 545 1670 de
582 1628 713 1672 terris
750 1627 834 1672 illis
870 1638 914 1673 et
955 1628 1001 1672 in
1035 1629 1143 1691 ipsis
1186 1638 1372 1690 captare
1423 1638 1556 1673 erant

154 1703 300 1761 soliti,
324 1703 531 1765 privatos
553 1720 600 1748 se
618 1714 758 1765 atque
782 1704 1031 1748 destitutos
1045 1704 1370 1765 experimento
1387 1721 1555 1765 agnos-

156 1788 341 1836 cerent,
393 1779 611 1823 annisum
651 1797 937 1842 omnemque
977 1789 1201 1825 conatum
1247 1780 1557 1826 verisimiliter

158 1856 357 1902 facturos
382 1872 509 1914 esse,
543 1865 593 1900 ut
616 1856 689 1900 vel
724 1865 853 1915 astu,
879 1857 953 1901 vel
988 1856 1177 1914 fraude,
1205 1873 1285 1901 seu
1313 1873 1555 1902 armorum

158 1933 364 1996 potentia
394 1933 637 1987 amissum,
675 1933 711 1977 si
744 1948 837 1995 qua
870 1942 1063 1996 possent
1090 1934 1189 1991 via,
1226 1943 1556 1996 recuperarent

158 2008 429 2071 imperium,
458 2008 567 2053 inde
590 2008 752 2054 solitos
777 2009 903 2072 ipsos
926 2019 967 2055 et
992 2026 1191 2071 regnum
1212 2010 1386 2072 Angliae
1406 2009 1557 2072 (quod

159 2085 304 2130 vineis
321 2086 464 2139 cares)
487 2084 824 2132 abundantiam
848 2086 1024 2132 habere
1045 2088 1291 2145 vinorum;
1321 2087 1413 2132 illic
1434 2104 1557 2150 pan-

160 2178 247 2207 nos
276 2177 386 2206 suos
409 2160 613 2222 aliasque
648 2178 849 2219 merces,
878 2163 1048 2226 quibus
1077 2163 1346 2220 abundant,
1374 2163 1557 2208 deferre

160 2237 483 2294 consuevisse,
522 2247 565 2282 et
601 2238 710 2283 inde
742 2255 825 2301 per
856 2240 1102 2302 Hispanias
1127 2249 1405 2300 caeterasque
1429 2239 1557 2300 adja-

161 2323 317 2359 centes
354 2314 568 2373 regiones
601 2313 880 2359 distribuere
909 2324 955 2360 et
987 2314 1257 2371 effundere;
1298 2314 1423 2359 unde
1459 2331 1555 2359 non

161 2390 324 2450 exigua
349 2388 414 2433 eis
436 2388 562 2434 lucra
579 2427 590 2444 ‚
618 2398 760 2451 atque
785 2390 923 2435 etiam
950 2391 1059 2452 ipsis
1080 2389 1499 2452 Burdegalensibus
1513 2399 1557 2434 et

162 2467 527 2532 provincialibus
551 2468 891 2531 proveniebant
915 2479 960 2514 et
984 2469 1264 2527 commoda,
1293 2469 1421 2532 quod
1446 2470 1482 2514 si
1512 2486 1558 2514 se

163 2544 399 2608 perditum
417 2545 487 2602 iri,
511 2554 554 2589 et
572 2545 709 2590 tantis
730 2561 778 2590 se
794 2545 1015 2591 itinerum
1032 2547 1326 2592 committere
1344 2546 1560 2609 periculis

164 2621 287 2666 ultro
319 2630 614 2684 appeterent,
651 2637 809 2683 regem
844 2621 892 2667 id
918 2622 1113 2668 minime
1148 2624 1242 2686 pati
1278 2639 1364 2686 pro
1396 2638 1562 2668 eorum

165 2696 359 2742 utilitate
383 2696 571 2742 debere.

229 2773 565 2836 Hujuscemodi
603 2784 647 2820 et
681 2773 753 2819 bis
783 2774 1012 2820 similibus
1045 2774 1365 2834 sermonibus,
1394 2777 1567 2839 quibus

272 2863 287 2886 1
1360 2855 1409 2890 17
