2037 3442
397 329 470 362 2302
774 321 1111 359 HISTORIARUM
1139 320 1316 355 CAROLI
1340 321 1410 355 VII

398 407 456 451 ad
494 415 736 449 venturam
774 411 979 447 aestatem
1011 400 1275 446 differretur
1301 399 1426 461 (quo
1450 408 1688 460 tempore,
1715 416 1785 445 re-

396 481 592 543 sumptis
631 478 822 533 animis,
865 477 1022 523 hostes
1063 476 1181 522 forte
1216 485 1377 538 parata
1413 474 1579 532 classe,
1621 475 1788 519 exactis

393 558 601 603 hibernis
621 554 886 611 mensibus,
916 571 1024 600 cum
1047 553 1226 615 magnis
1252 551 1397 614 copiis
1417 550 1665 596 adventare
1688 566 1791 613 pos-

396 634 558 694 sent),
594 631 702 677 licet
727 646 887 692 aspera
919 639 1018 674 tum
1040 629 1190 673 hiems
1216 636 1356 683 esset,
1382 627 1672 673 Hareflutum
1696 626 1791 689 pri-

399 726 543 766 mum,
566 707 737 753 deinde
754 707 1111 765 Honneflutum7
1136 704 1399 749 firmissima
1419 713 1559 765 atque
1583 703 1792 748 munitis-

396 787 514 832 sima
538 783 730 847 oppida,
757 781 1082 827 obsidionibus
1102 781 1263 826 validis
1278 780 1573 825 constrinxit.
1598 778 1794 824 Celabat

397 872 509 907 tunc
535 859 836 922 rigidissime,
864 859 927 904 ita
963 868 1013 903 ut
1036 857 1202 920 glacies
1226 873 1388 902 cursus
1412 856 1550 901 etiam
1573 856 1794 901 retineret

399 938 671 993 fluminum,
708 946 935 997 eramque
973 935 1069 996 agri
1111 934 1287 996 ubique
1323 933 1508 978 nivibus
1545 932 1760 995 adoperti
1780 952 1791 991 3

399 1014 509 1072 sed,
542 1029 639 1058 non
664 1029 720 1058 eo
748 1012 930 1069 minus,
966 1028 1044 1056 rex
1080 1021 1126 1056 et
1160 1010 1229 1055 sui
1257 1009 1425 1055 milites
1445 1046 1455 1066 ‚
1482 1009 1530 1053 in
1566 1008 1797 1071 specubus

400 1090 547 1134 humo
590 1088 809 1147 defossis,
848 1087 967 1132 virili
1005 1086 1176 1132 robore
1215 1087 1489 1147 ingentique
1528 1084 1799 1130 fortitudine

400 1176 670 1212 constanter
692 1166 738 1210 in
768 1164 1016 1210 obsidione
1040 1162 1322 1220 manebant,
1350 1162 1504 1208 donec
1526 1161 1799 1207 bombardis

403 1252 540 1304 atque
563 1241 776 1306 petrariis
803 1240 1038 1286 moenibus
1061 1239 1364 1301 turribusque
1390 1238 1554 1283 dirutis
1578 1247 1622 1283 et
1642 1238 1800 1300 dejec-

405 1320 482 1378 tis,
511 1328 693 1365 tantum
718 1328 868 1363 metus
893 1317 1183 1380 periculique
1202 1316 1417 1362 hostibus
1441 1316 1723 1378 injecerunt,
1749 1325 1802 1360 ut

406 1413 486 1441 eos
513 1395 572 1441 ad
596 1395 885 1440 deditionem
908 1403 1230 1457 perurgerent.

473 1472 610 1517 Unde
630 1471 730 1534 pari
751 1470 1021 1515 necessitate
1041 1479 1178 1532 atque
1195 1468 1415 1514 violentia
1430 1506 1441 1528 ,
1465 1467 1696 1514 ambobus
1719 1466 1806 1512 illis

408 1550 595 1614 oppidis
613 1549 871 1595 successive
894 1548 941 1592 in
963 1548 1168 1593 maximo
1185 1546 1352 1592 hiemis
1368 1547 1520 1609 rigore
1541 1546 1802 1604 coarctatis,

407 1644 510 1691 quae
532 1636 696 1672 contra
718 1626 860 1671 totius
884 1626 1014 1687 regni
1034 1625 1292 1687 potentiam
1318 1641 1365 1670 se
1392 1641 1529 1687 posse
1557 1623 1807 1669 defendere

411 1704 588 1766 Anglici
616 1702 884 1765 jactabant,
919 1703 1085 1748 eadem
1114 1719 1193 1747 rex
1228 1701 1350 1747 infra
1385 1702 1587 1764 spatium
1626 1701 1808 1745 circiter

413 1781 618 1826 duorum
652 1779 887 1825 mensium
919 1795 1012 1824 suae
1041 1778 1234 1823 ditionis
1263 1777 1461 1823 effecit¹.
1490 1776 1810 1822 Admoverant

414 1859 539 1904 enim
565 1857 624 1903 ad
651 1873 704 1902 ea
732 1855 1044 1919 expugnanda
1065 1854 1298 1900 mirabiles
1322 1854 1544 1917 petrarias
1572 1862 1616 1898 et
1638 1868 1809 1914 magno

414 1935 548 1980 valde
573 1950 772 1979 numero
789 1968 799 1987 ,
826 1949 928 1995 quae
951 1931 1308 1996 proculdubio,
1332 1947 1440 1975 cum
1464 1946 1547 1992 per
1569 1929 1688 1974 duos
1714 1929 1812 1974 dies

417 2028 577 2057 muros
601 2010 903 2056 densissimos
927 2018 1167 2070 turresque
1187 2007 1381 2069 hujusce
1400 2005 1686 2069 oppidorum
1710 2021 1815 2068 per-

416 2089 680 2146 cussissent‚
705 2087 765 2132 ita
789 2086 967 2143 hostes,
991 2085 1070 2147 qui
1093 2099 1264 2145 magno
1289 2098 1487 2127 numero
1511 2082 1636 2126 intus
1661 2091 1810 2141 erant,

417 2164 783 2229 propugnaculis
825 2163 1227 2224 munimentisque
1265 2160 1359 2204 suis
1402 2160 1465 2204 ita
1509 2158 1816 2204 destituerant

416 2252 556 2305 atque
578 2242 891 2299 nudaverant,
919 2251 969 2286 ut
993 2257 1098 2298 eos,
1126 2239 1301 2301 absque
1327 2254 1496 2299 magno
1521 2238 1710 2300 negotio
1735 2253 1816 2283 seu

418 2318 718 2378 difficultate,
746 2336 830 2383 per
854 2318 1078 2363 insultum
1100 2333 1179 2362 rex
1202 2332 1367 2379 capere
1387 2325 1525 2377 atque
1549 2330 1816 2378 expugnare

420 2398 660 2460 potuisset.
688 2396 779 2442 Sed
818 2396 939 2459 ipse,
968 2395 1046 2456 qui
1083 2410 1269 2457 semper
1305 2392 1649 2438 humanitatem
1678 2402 1817 2455 atque

420 2474 831 2520 mansuetudinem
853 2472 1116 2518 crudelitati
1136 2470 1432 2536 praeferebat,
1459 2470 1565 2515 licet
1584 2470 1646 2515 ita
1670 2469 1818 2515 deter-

420 2552 530 2597 ritos
567 2561 612 2597 et
646 2551 705 2596 de
730 2550 876 2596 salute
905 2547 1264 2613 quodammodo
1296 2547 1626 2610 desperantes,
1659 2546 1816 2591 hostes

473 2736 508 2771 1.
540 2736 592 2769 La
624 2731 811 2768 reddition
833 2732 1049 2769 d'Harfleur
1077 2739 1140 2767 eut
1159 2730 1237 2767 lieu
1257 2731 1292 2767 le
1316 2728 1533 2775 10¹janvie1·
1555 2728 1654 2764 1450
1673 2733 1710 2763 et
1727 2724 1819 2762 colle

419 2791 641 2829 d’Honsseur
661 2790 696 2827 le
718 2792 765 2826 18
790 2790 941 2826 sevrier.
