2142 3473
497 271 546 307 20
870 268 1208 306 HISTORIARUM
1235 269 1413 305 CAROLI
1440 270 1510 304 VII

495 352 679 413 cigenas
695 349 755 395 ad
775 349 1098 396 dimicandum
1115 360 1159 395 et
1177 350 1344 413 proelio
1362 350 1763 412 congrediendum
1782 369 1893 414 pro-

494 441 662 470 vocare
695 433 741 469 et
773 424 1005 470 attrahere
1036 435 1210 488 posset.
1251 426 1493 470 Accinctus
1527 426 1665 488 igitur
1696 426 1782 471 iter
1804 428 1895 487 egit

493 517 577 564 per
606 517 743 562 agros
765 501 1072 560 Caletenses¹,
1102 501 1280 564 praedas
1309 501 1493 564 agendo
1520 512 1565 547 et
1588 511 1756 547 cuncta
1782 502 1892 547 diri-

492 576 695 640 piendo,
733 586 780 622 et
810 575 1006 623 flumine
1029 578 1300 622 Summonae
1333 578 1629 637 transmisso,
1661 579 1709 623 in
1740 578 1893 624 Picar-

493 653 620 699 diam
645 654 789 700 venit.
825 654 1028 700 Franciae
1061 670 1173 699 vero
1196 654 1431 717 principes
1464 663 1509 698 et
1533 655 1805 716 optimates,
1833 655 1893 700 ad

490 749 712 796 magnam
747 732 835 779 sihi
878 749 1119 779 cessurum
1164 733 1476 796 ignominiam
1519 743 1817 796 reputantes,
1857 735 1893 780 si

489 812 658 875 praedis
695 821 920 858 onustum
956 828 1065 857 cum
1099 811 1395 875 captivorum
1434 810 1757 868 multitudine,
1797 821 1893 858 tam

491 887 634 951 longo
655 889 820 935 itinere
839 889 1000 934 omnia
1022 887 1314 934 devastando
1334 897 1380 933 et
1397 887 1681 951 diripiendo,
1707 886 1893 933 hostem

488 964 617 1011 abire
656 966 1008 1030 permisissent,
1057 966 1313 1011 exercitum
1365 981 1592 1026 magnum
1637 964 1696 1010 de
1750 965 1894 1010 totius

488 1044 621 1106 regni
637 1043 883 1090 nobilitate
904 1053 950 1089 et
965 1043 1204 1105 armigeris
1229 1051 1511 1104 coegerunt,
1535 1058 1645 1087 nam
1668 1057 1893 1087 numerus

489 1120 757 1184 quadruplo
793 1130 839 1166 et
871 1120 1073 1183 amplius
1107 1119 1258 1181 major
1292 1135 1436 1181 quam
1473 1118 1728 1179 Anglorurn
1762 1134 1892 1164 exer-

486 1196 603 1243 citus
629 1207 744 1242 erat.
774 1196 865 1243 Sed
900 1205 1026 1243 certe
1056 1195 1213 1257 Anglis
1238 1195 1546 1257 Virgilianum
1570 1194 1685 1241 illud
1715 1210 1892 1240 conve-

489 1273 590 1318 nire
619 1282 806 1337 poterat
823 1291 832 1318 :

693 1383 825 1430 Exigui
837 1396 985 1417 numero
1002 1411 1010 1426 ,
1028 1382 1088 1417 sed
1108 1383 1200 1417 bello
1215 1382 1332 1418 vivida
1349 1383 1470 1418 virtus.

483 1493 658 1536 Contra
692 1506 806 1536 vero
834 1490 1023 1549 Franci,
1061 1488 1168 1535 licet
1195 1488 1378 1534 robusti
1406 1489 1515 1535 satis
1541 1498 1588 1534 et
1615 1489 1756 1533 armis
1790 1489 1889 1534 ani-

483 1569 666 1632 misque
687 1568 902 1614 instructi
928 1567 1103 1624 forent,
1129 1577 1288 1613 tamen
1313 1566 1493 1630 absque
1516 1565 1706 1611 militari
1723 1566 1890 1612 ordine

483 1653 529 1690 et
550 1645 819 1708 disciplina,
838 1655 999 1707 atque,
1022 1661 1077 1690 ex
1100 1645 1242 1706 longa
1267 1645 1423 1707 quiete
1447 1653 1493 1689 et
1515 1660 1654 1707 pace,
1683 1644 1888 1689 exercitii

482 1738 724 1767 armorum
761 1722 1023 1784 inexpertes
1061 1731 1210 1767 erant.
1263 1721 1355 1784 Ipsi
1395 1722 1553 1783 itaque
1594 1737 1647 1766 ex
1693 1720 1887 1766 diversis

482 1799 613 1861 regni
628 1798 861 1861 partibus,
882 1807 978 1843 tam
1001 1797 1237 1860 principes
1250 1797 1471 1858 majores,
1499 1786 1642 1859 quam
1657 1797 1881 1856 minores,

482 1876 643 1934 duces,
679 1875 901 1934 comites,
939 1874 1167 1931 barones,
1205 1874 1374 1919 milites
1410 1883 1455 1918 et
1485 1873 1669 1918 nobiles
1708 1873 1885 1934 ingenti

483 1969 685 1999 numero
708 1951 1004 2014 congregati,
1033 1950 1224 1996 obviam
1248 1967 1296 1996 se
1320 1949 1578 2012 Anglorum
1604 1950 1701 2011 regi
1729 1960 1774 1995 et
1798 1967 1884 1995 suo

481 2030 702 2075 exercitui
730 2028 959 2091 objicere,
989 2044 1050 2073 ne
1080 2027 1201 2072 ultra
1230 2026 1529 2089 procederet,
1554 2027 1878 2072 decreverunt.

482 2106 623 2163 Quod
658 2117 702 2152 et
730 2107 969 2165 fecerunt,
1002 2114 1054 2150 ut
1082 2121 1163 2150 eos
1191 2104 1250 2149 ad
1280 2103 1604 2150 dimicandum
1629 2104 1882 2167 compelle-

482 2192 599 2229 rent.
635 2186 693 2228 Et
720 2183 876 2228 ferunt
904 2180 1121 2227 nonnulli
1148 2180 1297 2243 (quod
1322 2196 1381 2225 an
1411 2181 1474 2226 ita
1496 2197 1544 2226 se
1566 2180 1762 2239 habeat,
1784 2197 1880 2226 non

480 2261 588 2306 satis
623 2259 854 2306 habemus
895 2257 1213 2321 compertum)
1257 2273 1414 2318 regem
1451 2257 1734 2318 Anglorum,
1773 2274 1882 2302 cum

482 2347 575 2382 tam
598 2352 904 2382 numerosum
925 2344 1066 2397 atque
1082 2332 1289 2379 validum
1313 2333 1567 2379 exercitum
1587 2333 1672 2379 sibi
1688 2333 1881 2379 obvium

485 2415 731 2461 accessisse
756 2413 1062 2474 intelligeret,
1108 2409 1309 2456 ducibus
1332 2413 1622 2456 Francorum
1657 2411 1881 2456 obtulisse

485 2492 723 2537 restituere
747 2489 977 2554 oppidum
995 2488 1054 2534 de
1078 2487 1231 2546 CaleS,
1258 2497 1304 2533 et
1321 2503 1547 2549 magnum
1569 2488 1670 2533 auri
1691 2487 1880 2551 pondus

485 2568 746 2630 persolvere
766 2606 777 2627 ,
809 2568 847 2614 si
872 2567 1019 2614 libere
1053 2576 1099 2613 et
1126 2565 1304 2628 absque
1327 2565 1504 2611 damno
1528 2565 1676 2627 gentis
1706 2581 1798 2610 suae
1819 2564 1879 2610 ad

535 2748 571 2784 1.
603 2747 656 2782 Le
676 2756 770 2795 pays
789 2742 835 2779 de
855 2745 970 2780 Caux.
