2037 3442
768 297 909 331 LIBER
937 294 1159 342 QUINTUS.
1599 291 1672 328 ‘277

279 377 600 422 Communitas
625 377 815 440 oppidi,
845 388 894 423 ut
918 394 1082 423 eorum
1109 377 1291 422 animos
1316 374 1439 421 bona
1465 392 1544 439 spe
1568 393 1678 421 con-

280 452 520 498 firmarent
560 452 667 498 fidei
709 470 800 498 suae
839 463 976 515 atque
1011 470 1256 499 succursus
1291 453 1514 516 polliciti,
1553 452 1677 497 velut

280 529 492 587 obsides,
522 529 640 574 duos
663 546 718 574 ex
749 530 935 574 decanis
959 532 969 551 ¹
993 531 1085 574 suis
1109 530 1167 575 ad
1193 540 1395 575 castrum
1424 530 1674 584 miserunt,

279 605 583 663 affirmantes,
613 606 649 649 si
673 605 731 650 ad
761 621 839 650 eos
863 604 955 649 (lux
986 605 1261 665 Burgundisc
1286 614 1488 650 castrum
1514 605 1678 650 obses—

279 698 412 726 surus
430 682 682 727 exercitum
704 681 992 739 admoveret,
1014 697 1061 725 se
1081 697 1244 725 omnes
1262 681 1389 743 prius
1407 682 1673 737 morinum,

279 774 420 820 quam
456 758 646 803 eosdem
686 757 1003 819 relinquerent
1042 756 1328 801 indefensos.
1368 759 1467 801 Hoc
1503 757 1677 818 itaque,

278 835 403 879 velut
428 834 535 879 fidei
565 834 682 878 datae
710 841 903 895 accepto
927 832 1104 877 idoneo
1128 833 1353 894 pignore,
1382 831 1676 893 confirmati,

280 910 577 956 obsidionem
603 909 909 955 decreverunt
933 919 1217 972 exspectare.

756 1081 1091 1126 CAPtTULUM
1120 1081 1176 1124 X.

338 1200 528 1243 Quomodo
545 1200 615 1233 dux
635 1199 842 1246 Burgundiae
861 1199 997 1233 obsedit
1012 1208 1164 1233 castrum
1181 1199 1225 1233 de
1242 1204 1347 1232 Gavre
1367 1207 1400 1232 et
1416 1199 1619 1233 Gaudonses

508 1258 707 1303 prostravit,
729 1258 874 1291 obsessis
891 1270 1092 1291 succursum
1111 1266 1272 1303 praestare
1291 1267 1447 1293 conatos,

343 1367 449 1419 Quo
473 1365 625 1410 statim
652 1365 859 1411 secundo
883 1375 1062 1425 castro,
1098 1375 1150 1410 ut
1181 1365 1407 1424 diximus,
1435 1365 1677 1428 expedito,

277 1445 512 1490 constricti
548 1456 593 1491 et
626 1446 735 1509 ipsi,
762 1446 1051 1509 paucissimis
1076 1446 1282 1492 decursis
1315 1446 1504 1504 diebus,
1540 1447 1682 1492 dedi—

277 1520 453 1565 tionem
473 1521 532 1566 ad
557 1532 724 1567 nutum
750 1532 794 1568 et
817 1522 1105 1568 voluntatem
1132 1523 1356 1586 principis
1381 1523 1531 1569 facere
1551 1540 1683 1568 com-

276 1596 397 1658 pulsi
455 1609 578 1643 sunt.
622 1599 713 1654 Qui
763 1609 814 1644 ut
856 1600 1025 1662 laqueo
1068 1610 1115 1644 et
1156 1600 1243 1662 ipsi
1280 1601 1423 1646 vitam
1470 1602 1680 1663 suspensi

277 1672 491 1731 finirent,
525 1675 932 1737 quemadmodum
963 1676 1143 1738 priores
1173 1676 1404 1734 fecerant,
1436 1678 1500 1723 eis
1529 1679 1683 1725 decla-

276 1760 430 1795 ratum
455 1750 556 1796 fuit.
593 1755 710 1797 Cum
740 1761 898 1797 autem
930 1752 1165 1797 exsecutio
1199 1751 1350 1809 fieret,
1377 1755 1683 1817 supplicium—

276 1844 367 1888 que
401 1827 459 1872 de
494 1828 603 1890 ipsis
643 1837 921 1887 sumeretur,
964 1844 1071 1873 ecce
1115 1827 1368 1874 adventare
1408 1830 1683 1877 Gandenses

278 1920 386 1948 cum
420 1905 622 1950 maxima
662 1905 961 1950 multitudine
996 1905 1195 1968 principi
1239 1922 1420 1968 suoque
1459 1909 1680 1953 exercitui

278 1980 534 2024 nuntiatur.
582 1981 746 2026 Adhuc
782 1982 908 2026 enim
952 1981 1182 2044 putabant
1217 1981 1434 2028 obsessos
1468 1984 1599 2029 vivos
1635 1994 1680 2029 et

278 2056 538 2102 incolumes
561 2057 786 2103 invenire.
818 2058 957 2114 Quod
980 2075 1088 2104 cum
1111 2059 1174 2105 ita
1196 2059 1531 2105 illustrissimus
1551 2062 1680 2123 prin-

278 2150 386 2196 ceps
441 2133 763 2193 intellexisset,
814 2135 1070 2180 accelerato
1121 2135 1391 2181 deditorum
1447 2137 1678 2200 supplicio

279 2211 425 2272 (inter
457 2228 575 2272 quos
605 2220 649 2255 et
677 2210 741 2255 illi
777 2210 943 2257 decani
977 2212 1300 2258 Gandensium
1332 2229 1494 2275 poenas
1528 2214 1679 2260 ‹lede-

279 2288 414 2348 runt)
442 2324 451 2345 ,
482 2287 610 2332 laetus
640 2288 799 2333 animo
825 2297 964 2350 atque
988 2289 1158 2344 alacer,
1185 2288 1328 2335 veluti
1353 2291 1518 2335 festivo
1543 2290 1679 2337 alicui

278 2364 543 2427 celebrique
581 2365 800 2410 convivio
836 2375 955 2410 esset
988 2365 1259 2425 adfinium,
1300 2368 1420 2412 acies
1449 2385 1554 2414 suas
1582 2379 1677 2415 tam

278 2441 489 2501 equitum
515 2457 660 2502 quam
684 2440 894 2503 peditum
919 2440 1086 2486 ordine
1106 2443 1405 2488 convenienti
1427 2443 1679 2507 disponere

332 2579 368 2614 1.
406 2594 421 2609 «
455 2579 566 2613 Deux
596 2575 661 2612 des
695 2575 837 2625 doyens
866 2575 931 2612 des
963 2576 1129 2613 metiers.
1164 2594 1179 2608 »ι
1216 2579 1274 2614 On
1304 2579 1471 2629 appelait
1501 2580 1622 2627 ainsi,
1661 2583 1681 2618 ἐι

277 2636 385 2673 Gand
400 2666 409 2682 ‚
429 2637 484 2673 les
502 2636 604 2673 chess
625 2636 690 2673 des
708 2636 969 2685 corporations
989 2636 1257 2682 industrielles,
1283 2638 1349 2687 qui
1369 2638 1540 2676 faisaient
1561 2640 1680 2690 partie

278 2694 329 2730 du
356 2708 466 2745 corps
498 2694 680 2745 politique,
716 2693 762 2730 de
797 2695 831 2731 la
857 2694 946 2731 ville
972 2694 1105 2744 depuis
1136 2696 1169 2731 le
1198 2703 1318 2746 temps
1350 2696 1396 2733 de
1422 2700 1581 2747 Jacques
1611 2704 1682 2736 At*-

279 2753 426 2802 teveld‚
448 2762 483 2790 et
501 2754 565 2804 qui
588 2757 676 2790 n’en
699 2753 823 2789 surent
844 2752 928 2804 plus
947 2755 1056 2804 apres
1077 2754 1110 2791 la
1130 2753 1282 2792 bataille
1300 2755 1346 2792 de
1371 2757 1512 2797 Gavi-e,
