2037 3442
327 305 402 340 318
704 300 1045 338 HISTORIARUM
1073 300 1255 337 CAROLI
1284 302 1353 336 VII

391 383 482 429 Sed
510 393 555 428 et
587 383 824 445 praecipue
855 380 1070 427 Ecclesiae
1092 382 1225 443 regni
1257 382 1328 427 sui
1352 391 1398 428 et
1422 382 1734 446 Delphinatus

324 459 621 507 libertatibus
645 468 784 522 atque
807 458 1098 520 honoribus,
1127 459 1391 505 secundum
1415 459 1609 523 antiqua
1641 463 1735 506 Pa-

325 549 449 584 trum
485 538 674 584 decreta
711 547 757 584 et
794 555 1004 585 canones
1047 539 1096 584 in
1145 538 1469 585 voluminibus
1516 539 1737 585 canonici

323 632 402 661 seu
428 614 657 678 pontificii
678 615 797 677 juris
818 616 1018 661 insertos
1034 652 1045 674 ,
1073 615 1262 661 tuendis
1294 626 1340 662 et
1367 616 1608 662 servandis
1634 615 1737 662 affi-

323 691 551 738 ciebatur.
579 695 711 749 Quos
731 709 842 738 cum
863 692 1168 739 celeberrima
1188 693 1391 739 concilia
1415 693 1633 739 Ecclesiae
1657 708 1736 739 ca-

322 771 508 817 tholicae
542 772 902 818 Constantiense
941 773 1180 836 primum,
1229 772 1403 818 deinde
1442 773 1732 832 Basileense‚

322 848 632 895 innovassent
673 858 813 911 atque
858 849 1159 896 observanda
1201 866 1287 913 per
1327 848 1585 896 Ecclesiam
1629 851 1738 895 uni-

322 942 506 972 versam
531 926 880 984 decrevissent,
910 926 1077 973 eadem
1113 927 1256 973 etiam
1283 927 1331 973 in
1367 943 1453 972 suo
1477 943 1625 989 regno
1652 925 1737 972 ob-

322 1006 553 1052 servanda
575 1007 790 1054 sancivit.
818 1008 1132 1071 Congregavit
1166 1008 1294 1054 enim
1328 1008 1545 1072 praelatos
1575 1017 1622 1053 et
1646 1007 1738 1053 cle-

322 1101 430 1130 rum
460 1085 603 1131 totius
636 1085 769 1147 regni
802 1095 848 1131 et
883 1085 1197 1149 Delphinatus
1235 1086 1283 1131 in
1319 1084 1437 1131 urbe
1479 1085 1733 1144 Biturica¹,

321 1162 403 1208 uhi
428 1180 567 1223 cum,
607 1173 836 1227 praesente
863 1165 1007 1210 etiam
1041 1163 1195 1226 legato
1234 1163 1436 1209 Romani
1469 1162 1734 1227 pontificis,

321 1239 381 1287 de
410 1242 712 1305 acceptandis
746 1251 792 1288 et
814 1242 1096 1306 recipiendis
1119 1241 1395 1304 hujusmodi
1421 1240 1620 1287 decretis
1656 1239 1736 1286 diu

321 1317 634 1381 disceptatum
657 1318 816 1364 fuisset
831 1355 844 1377 ‚
872 1318 1152 1383 pluresque,
1177 1319 1389 1367 humana
1408 1318 1669 1365 ambitione
1692 1326 1738 1363 et

321 1395 577 1458 cupiditate
615 1396 849 1460 permoti,
896 1396 1294 1443 reservationibus
1333 1396 1474 1442 curiae
1518 1398 1739 1441 Romanae

321 1481 415 1517 tam
453 1472 750 1534 generalibus
785 1488 930 1535 quam
959 1472 1323 1536 particularibus
1349 1472 1522 1537 passim
1545 1488 1634 1535 pro
1660 1487 1738 1516 so-

319 1549 410 1596 lius
435 1551 636 1597 Romani
661 1550 899 1614 pontificis
923 1560 1042 1596 nutu
1066 1588 1077 1611 ⁷
1108 1552 1275 1615 spretis
1299 1551 1447 1614 sacris
1476 1548 1738 1596 canonibus

321 1636 366 1672 et
392 1637 580 1691 patrum
602 1627 938 1674 traditionibus
956 1665 967 1687 ,
1003 1629 1272 1692 parendum
1312 1629 1627 1675 decreverunt
1650 1625 1738 1689 (il-

319 1705 452 1763 lecti,
481 1715 532 1751 ut
561 1706 875 1751 verisimiliter
899 1706 1130 1765 creditur,
1158 1705 1513 1770 provisionibus
1538 1714 1584 1751 et
1608 1719 1738 1749 com-

320 1782 532 1843 mendis‚
561 1783 635 1828 vel
651 1783 750 1845 jam
771 1799 796 1828 a
813 1784 1029 1828 Romano
1052 1783 1279 1847 pontifice
1303 1793 1471 1829 contra
1493 1797 1737 1828 sacrorum

320 1875 562 1905 canonum
583 1859 710 1905 viam
733 1859 959 1922 acceptis,
985 1859 1059 1904 vel
1083 1860 1263 1924 percipi
1288 1860 1484 1924 speratis
1508 1867 1649 1920 atque
1672 1856 1737 1902 eis

320 1952 345 1982 a
368 1936 522 1998 legato
554 1935 857 2000 promissis),
888 1936 966 1982 alii
997 1936 1146 1982 zelare
1168 1937 1327 2000 potius
1348 1944 1621 1982 constanter
1644 1932 1737 1979 ele-

320 2023 488 2075 gerunt
510 2030 597 2077 pro
617 2013 950 2060 traditionibus
968 2023 1013 2059 et
1032 2013 1234 2059 decretis
1257 2023 1530 2059 sanctorum
1545 2015 1737 2058 Patrum

320 2107 374 2136 ac
396 2090 543 2136 totius
566 2090 781 2136 Ecclesiae
799 2090 971 2147 salute,
999 2090 1249 2136 honestate
1270 2107 1324 2136 ac
1344 2090 1539 2150 decore,
1563 2104 1732 2152 quam,

320 2185 424 2230 quae
448 2184 532 2214 sua
556 2167 735 2227 forent⁷
761 2168 1006 2214 attendere
1029 2178 1076 2214 et
1107 2185 1318 2231 quaerere
1341 2168 1578 2215 ullatenus
1603 2186 1738 2219 cura-

320 2255 440 2292 rent.
470 2249 688 2302 Quorum
724 2247 1006 2292 sententiam
1038 2255 1081 2291 et
1114 2245 1259 2291 fidem
1293 2262 1374 2292 rex
1408 2245 1738 2294 chriStianissi-

320 2340 425 2369 mus
458 2332 672 2383 secutus,
702 2323 898 2386 cupiens
933 2322 1192 2369 Ecclesiam
1217 2322 1510 2370 Gallicanam
1533 2325 1594 2371 ad
1630 2343 1736 2374 suas

321 2399 538 2462 antiquas
575 2399 814 2446 libertates
839 2408 885 2445 et
913 2399 1021 2462 jura
1054 2399 1260 2455 restitui,
1297 2399 1520 2463 praedicta
1543 2404 1735 2449 Patrum

321 2478 525 2537 decreta,
553 2494 581 2524 a
601 2478 772 2525 sanctis
790 2477 903 2523 olim
923 2477 1146 2523 Romanis
1168 2478 1475 2542 pontificibus
1498 2488 1544 2525 et
1567 2479 1737 2526 catho-

321 2553 418 2598 licae
456 2555 672 2601 Ecclesiae
705 2554 928 2619 plenariis
964 2554 1176 2600 conciliis
1212 2570 1266 2600 ac
1297 2554 1491 2617 synodis
1523 2555 1734 2603 saluber-

321 2630 450 2676 rimis
482 2633 648 2695 saepius
683 2632 940 2679 constituta
975 2641 1021 2678 et
1058 2630 1206 2692 edita,
1241 2632 1470 2680 innovata
1502 2649 1616 2680 vero
1650 2650 1735 2697 per

374 2792 413 2828 l.
443 2792 499 2827 En
520 2791 635 2827 1438.
