2037 3442
716 377 858 412 LIBER
884 377 1125 423 QUARTUS.
1549 383 1590 418 ,⁶21
1604 384 1625 419 3

224 456 421 518 qualiter
443 457 605 503 civitas
628 474 711 505 sua
734 459 1074 522 patrimonium
1096 459 1264 505 Christi
1286 470 1330 506 et
1348 460 1471 508 beati
1503 465 1623 510 Petri

222 533 423 594 apostoli
472 543 597 589 erat,
640 534 815 580 nullam
863 535 1040 580 eisdem
1090 536 1163 581 vel
1202 540 1490 584 Francorum
1529 541 1625 603 regi

224 607 399 654 factura
422 626 636 671 guerram
654 648 665 669 ,
694 620 744 655 ut
776 612 902 674 ipsos
926 611 985 655 ad
1009 611 1119 656 alias
1150 612 1357 658 civitates
1381 624 1427 660 et
1450 617 1624 679 oppida

222 683 418 744 faceret,
440 686 475 730 si
497 697 676 750 posset,
705 687 961 744 declinare,
983 703 1065 732 sua
1081 687 1266 733 civitate
1284 689 1462 736 relicta.
1487 695 1623 754 Atqui

220 776 328 807 curn
356 762 485 808 nullo
510 764 655 809 modo
679 763 848 810 talibus
871 763 1183 825 legationibus
1201 763 1512 826 obaudirent,
1540 771 1621 815 sed

220 837 308 883 nisi
348 837 471 884 illico
507 839 773 886 obedientia
805 840 1077 903 deditioque
1111 840 1303 898 fierent,
1336 858 1384 887 se
1415 859 1499 905 per
1525 846 1620 891 vim

220 915 507 976 ingressuros
535 917 894 981 direpturosque
923 918 1084 963 omnia
1112 918 1405 964 minarentur
1426 957 1437 978 ,
1465 922 1617 984 petiit,

220 992 280 1037 ad
303 1009 444 1056 super
466 993 558 1040 hoc
583 996 832 1041 consilium
853 994 1159 1058 capiendum,
1187 994 1399 1041 inducias
1418 996 1620 1044 duarum

220 1068 294 1113 vel
317 1070 459 1115 trium
486 1070 737 1128 horarum3
767 1088 883 1135 quas
903 1088 1012 1117 cum
1041 1087 1139 1117 non
1172 1072 1272 1118 sine
1295 1088 1462 1134 magna
1489 1073 1622 1120 obti—

220 1147 394 1192 nuisset
411 1147 707 1208 difficultate,
737 1158 1002 1195 convocato
1024 1149 1246 1194 universo
1269 1148 1396 1194 clero
1416 1151 1621 1214 populo-

218 1241 311 1287 que
340 1226 558 1284 civitatis,
581 1244 746 1274 eorum
769 1228 971 1290 desuper
993 1227 1216 1290 expetivit
1238 1227 1504 1274 consilium.
1526 1231 1619 1286 Qui

217 1316 324 1345 cum
351 1300 641 1350 deditionem
662 1321 769 1350 cum
792 1305 933 1366 aequis
957 1303 1255 1367 pactionibus
1276 1313 1321 1350 et
1346 1305 1620 1352 melioribus

216 1393 319 1439 quae
339 1377 539 1425 obtineri
556 1391 762 1444 possent,
782 1381 927 1426 ferme
945 1397 1126 1436 omnes,
1149 1382 1396 1444 praesentia
1412 1382 1618 1445 pericula

216 1454 536 1517 inspicientes,
566 1458 827 1505 faciendam
853 1475 907 1504 ex
933 1458 1206 1504 necessitate
1231 1468 1506 1518 censerent,
1534 1477 1619 1506 ro-

215 1543 438 1592 gaverunt
453 1551 561 1580 eum
576 1545 626 1581 ut
643 1536 703 1582 ad
720 1536 812 1581 hoc
830 1535 1173 1599 perficiendum
1184 1552 1289 1582 suas
1300 1535 1438 1582 vellet
1452 1553 1618 1601 operas

214 1608 460 1656 salubriter
486 1613 774 1676 impendere.
805 1615 931 1669 Quas
956 1614 1012 1658 ad
1034 1613 1127 1658 hoc
1144 1612 1360 1673 libenter,
1385 1631 1472 1677 pro
1489 1632 1619 1661 com·

213 1688 345 1732 muni
372 1690 586 1735 omnium
613 1690 781 1749 salute,
813 1691 1109 1754 impartiens,
1139 1691 1379 1754 conceptis
1402 1692 1617 1754 capitulis

214 1768 491 1828 opportunis
510 1805 520 1827 ,
543 1785 645 1831 quae
661 1778 706 1814 et
723 1784 889 1814 omnes
906 1778 950 1814 et
965 1768 1172 1830 singulos
1191 1777 1337 1814 status
1357 1784 1615 1814 concerne—

213 1853 317 1888 rent
353 1854 449 1891 tam
473 1845 584 1892 cleri
621 1862 762 1909 quam
786 1846 949 1910 populi
984 1856 1028 1892 et
1053 1846 1196 1892 totius
1220 1845 1476 1891 nobilitatis
1499 1845 1615 1892 dioe-

213 1921 328 1965 cesis
339 1957 350 1978 ‚
378 1932 423 1968 et
447 1923 622 1969 eisdem
657 1923 744 1969 sub
773 1924 865 1969 fide
892 1925 1017 1987 regia
1048 1923 1265 1988 pollicitis
1307 1933 1352 1970 et
1385 1926 1616 1970 concessis

213 1996 272 2041 ab
296 1998 360 2042 eis
387 2000 466 2060 qui
486 2000 611 2045 vices
632 2003 922 2046 Francorum
951 2001 1069 2063 regis
1093 1999 1339 2063 gerebant,
1368 1999 1614 2046 sufficienti

212 2082 256 2117 et
282 2073 432 2119 valida
461 2074 520 2119 ad
541 2075 634 2121 hoc
657 2085 886 2139 potestate
910 2076 1112 2122 suffultis
1132 2114 1143 2136 ,
1178 2075 1470 2122 deditionem
1500 2077 1616 2122 civi-

211 2150 315 2195 tatis
341 2167 394 2196 ex
413 2154 653 2198 communi
681 2154 895 2199 omnium
920 2154 1162 2199 voluntate
1187 2153 1307 2199 fecit.
1340 2156 1390 2197 In
1414 2169 1505 2215 qua
1526 2169 1615 2198 nec

211 2235 413 2271 exsortes
436 2227 522 2289 ipsi
547 2228 723 2290 Anglici
747 2229 887 2274 etiam
923 2227 1139 2274 beneficii
1162 2227 1310 2273 relicti
1336 2237 1468 2285 sunt;
1498 2227 1612 2289 quin

212 2301 306 2346 imo
339 2302 513 2349 eisdem
541 2305 685 2367 pactis
710 2315 754 2350 et
780 2305 1136 2351 conditionibus
1155 2343 1166 2365 ,
1196 2305 1367 2368 quibus
1393 2314 1439 2350 et
1463 2307 1614 2351 caeteri

209 2379 436 2441 patriotae,
454 2397 537 2444 per
550 2382 710 2428 omnia
723 2382 860 2445 potiti
878 2393 1009 2441 sunt;
1034 2383 1143 2429 data
1160 2383 1300 2428 etiam
1316 2381 1380 2427 eis
1396 2390 1441 2427 et
1455 2381 1615 2428 relicta

209 2456 418 2518 optione,
442 2469 508 2518 ut,
536 2460 571 2504 si
596 2459 681 2505 sub
708 2463 998 2507 Francorum
1022 2462 1143 2523 regis
1167 2461 1345 2507 ditione
1371 2476 1614 2506 remanere

208 2542 252 2577 et
276 2531 507 2579 fidelitatis
527 2535 853 2596 juramentum
877 2547 1097 2600 praestare
1120 2537 1320 2596 vellent,
1345 2537 1439 2582 suis
1458 2537 1612 2582 mobi-

207 2607 328 2653 libus
351 2619 492 2672 atque
516 2611 838 2657 immobilibus
859 2614 1118 2674 gauderent
1139 2614 1365 2678 plenarie,
1386 2615 1614 2676 quemad-

209 2685 406 2731 modum
439 2696 547 2733 ante
582 2688 836 2747 faciebant,
865 2691 933 2735 sin
959 2707 1071 2736 vero
1104 2691 1165 2737 ad
1188 2708 1299 2737 suos
1319 2691 1611 2737 contribulos

209 2763 377 2823 anglos
400 2774 445 2809 et
469 2782 633 2812 eorum
658 2766 975 2814 obedientiam
1000 2769 1196 2815 transire
1214 2768 1413 2827 vellent,
1435 2768 1481 2813 id
1506 2771 1611 2831 qui-

205 2838 313 2886 dem
338 2853 530 2904 possent
556 2842 719 2895 libere,
748 2854 793 2889 et
816 2843 896 2890 illo
925 2844 1157 2891 advehere
1181 2863 1262 2892 sua
1285 2845 1428 2902 bona,
1456 2855 1553 2898 aut,
1575 2848 1609 2890 si
