2037 3442
733 376 875 410 LIBER
903 375 1141 420 QUARTUS.
1548 374 1623 409 235

239 456 523 518 potuissent,
552 472 660 501 cum
684 456 873 519 optimis
898 456 1125 501 machinis
1142 465 1187 501 et
1203 454 1436 500 bellorum
1456 455 1625 499 instru-

240 537 405 582 mentis
429 537 661 600 (quorum
687 537 863 583 eisdem
885 538 1048 599 ingens
1073 538 1180 583 satis
1205 537 1340 600 copia
1364 536 1514 595 erat);
1546 535 1626 598 qui

239 629 461 659 numerus
488 631 584 659 non
617 614 786 671 minor,
815 613 896 658 sed
926 630 1072 676 prope
1095 614 1282 676 aequalis
1311 624 1409 659 erat
1430 613 1491 659 illi
1518 630 1627 658 cum

240 705 334 750 quo
357 689 470 734 olim
496 707 691 751 regnum
715 693 1002 735 Francorum
1028 690 1254 751 aggressi,
1281 690 1435 752 ipsum
1460 705 1627 750 magna

241 782 295 810 ex
326 776 457 829 parte
492 767 855 829 conquisierant.
899 765 1033 810 Unde
1065 776 1109 810 et
1144 775 1327 810 constat
1371 766 1499 827 quod
1534 766 1627 811 dux

241 842 569 899 Summerseli‚
597 842 694 904 qui,
731 841 777 886 in
804 850 955 886 castro
981 841 1177 886 Cadomi
1208 841 1493 898 consistens,
1521 858 1630 886 cum

242 919 422 980 magnis
450 919 598 982 copiis
621 918 876 964 adventum
898 934 1061 962 eorum
1086 916 1401 980 operiebatur,
1429 917 1509 979 qui
1538 934 1629 962 no—

242 994 357 1038 viter
382 1011 433 1039 ex
476 994 636 1057 Anglia
660 993 996 1047 adventarant,
1023 994 1118 1055 jam
1146 993 1315 1038 fecerat
1346 992 1632 1039 bombardas

243 1081 287 1117 et
331 1073 555 1134 petrarias
598 1081 876 1133 caeterasque
913 1070 1151 1116 machinas
1187 1070 1297 1115 belli
1339 1070 1552 1115 curribus
1589 1079 1634 1114 et

245 1147 469 1193 vehiculis
491 1148 769 1211 superponi,
796 1157 865 1205 ut,
890 1147 1044 1192 statim
1063 1147 1236 1208 junctis
1261 1147 1307 1190 in
1329 1162 1475 1190 unum
1500 1146 1635 1190 utris-

244 1240 336 1286 que
367 1225 537 1286 copiis⁷
565 1224 817 1269 exercitum
852 1223 1116 1268 universum
1142 1223 1187 1267 in
1215 1238 1436 1285 campum
1464 1221 1633 1267 educe-

246 1309 331 1344 ret.
366 1302 479 1354 Quae
507 1317 600 1357 res,
634 1301 698 1357 si,
733 1300 799 1344 uti
833 1298 1074 1362 sperabat,
1112 1299 1438 1362 processisset,
1472 1298 1633 1361 procul

247 1374 393 1419 dubio
442 1392 664 1437 magnum
710 1375 894 1420 Francis
936 1374 1198 1438 periculum
1242 1385 1288 1420 et
1335 1375 1422 1420 toti
1460 1375 1638 1436 regioni

249 1452 473 1496 maximas
496 1453 779 1498 calamitates
804 1452 1071 1497 intulisset&
1108 1451 1198 1497 Sed
1222 1451 1438 1496 divinitas
1468 1468 1520 1496 ex
1543 1451 1639 1496 alto

248 1537 415 1574 cuncta
441 1529 728 1592 perspiciens
753 1545 806 1574 ac
831 1528 1108 1586 moderans,
1142 1527 1281 1573 rebus
1309 1526 1529 1573 humanis
1554 1527 1639 1572 illi-

249 1621 341 1668 que
363 1606 638 1652 miserandae
655 1606 813 1669 patriae
826 1641 837 1664 ,
867 1622 969 1667 quae
991 1605 1169 1651 tamdiu
1190 1622 1463 1667 guerrarum
1480 1622 1643 1651 aerum—

251 1683 323 1728 nis
348 1682 519 1729 afflicta
553 1683 724 1742 fuerat,
749 1692 795 1729 et
817 1682 904 1729 sub
927 1683 1113 1729 incertis
1144 1683 1378 1729 bellorum
1401 1682 1640 1747 procellis,

250 1776 334 1824 per
357 1775 507 1805 annos
532 1759 653 1806 ultra
676 1761 863 1823 triginta
885 1770 994 1818 tres,
1022 1760 1250 1806 continuo
1275 1760 1425 1807 fuerat
1449 1761 1641 1822 agitata,

251 1835 416 1881 melius
461 1835 731 1881 consultum
754 1845 892 1899 atque
922 1835 1152 1882 salubrius
1184 1836 1240 1881 iri
1272 1836 1435 1882 voluit.
1471 1837 1646 1882 Praevi—

254 1913 420 1960 dentes
441 1914 566 1960 enim
585 1915 749 1959 Franci
771 1914 900 1977 quod
919 1915 1115 1978 imperio
1136 1930 1222 1960 suo
1246 1924 1292 1960 et
1309 1915 1441 1960 terris
1461 1916 1648 1961 noviter

255 1991 539 2054 recuperatis
562 1991 900 2055 impendebant
918 1992 1070 2049 exitia,
1092 1993 1127 2036 si
1152 2001 1373 2054 utrasque
1391 1991 1647 2054 Anglorum

256 2068 415 2130 copias
444 2077 774 2113 veteranorum
799 2084 1129 2130 novorumque
1154 2069 1393 2130 aggregari
1417 2069 1650 2131 permisis-

258 2153 386 2201 sent,
426 2144 485 2190 ad
527 2144 816 2190 obviandum
849 2146 986 2191 tantis
1021 2145 1267 2208 periculis,
1307 2145 1563 2191 exercitum
1601 2146 1648 2190 in

257 2219 464 2266 confinio
483 2221 779 2267 Constantini
798 2231 842 2267 et
861 2222 1105 2267 Baiocismi
1127 2221 1460 2279 admoverunt,
1478 2238 1593 2284 quo,
1614 2223 1651 2267 si

259 2306 471 2359 possent,
498 2298 632 2343 novis
656 2297 855 2359 Anglicis
879 2298 1214 2344 intersecarent
1239 2299 1342 2357 iter,
1369 2314 1429 2344 ne
1459 2314 1507 2344 se
1531 2299 1652 2344 circa

315 2471 349 2507 1.
381 2466 524 2505 Robert
540 2467 697 2506 Blondel
715 2477 893 2519 rapporte
909 2481 950 2506 ce
970 2469 1056 2506 trait
1071 2468 1118 2506 de
1138 2469 1174 2506 la
1192 2469 1383 2506 confiance
1402 2469 1448 2506 de
1468 2471 1657 2508 Somerset

260 2527 429 2578 lorsqu'il
453 2527 577 2577 apprit
596 2527 630 2564 le
654 2527 951 2577 debarquement
975 2528 1022 2565 de
1046 2528 1082 2565 la
1107 2528 1286 2565 nouvelle
1313 2529 1439 2566 armee
1458 2529 1624 2580 anglaise
1645 2545 1652 2566 :

266 2590 470 2635 «Quorum
504 2587 665 2636 appulsu
696 2595 916 2636 comperto,
941 2586 1018 2623 dux
1056 2586 1102 2622 de
1136 2586 1382 2633 Sombresset,
1415 2596 1504 2623 tunc
1536 2587 1657 2625 Cado-

262 2660 363 2683 mum
387 2654 532 2692 tenens,
555 2645 694 2695 gaudio
715 2658 790 2681 non
816 2644 996 2681 mediocri
1019 2644 1230 2691 exsultans,
1252 2645 1371 2681 fertur
1389 2645 1527 2682 dixisse
1542 2675 1551 2692 ,
1578 2654 1619 2683 ut
1636 2660 1657 2684 a

263 2705 335 2741 fide
355 2704 469 2756 digno
490 2704 648 2741 relatum
663 2703 777 2740 habui
795 2714 803 2741 1
825 2722 840 2736 α
858 2705 889 2739 Ο
909 2703 1071 2749 Kamic,
1096 2704 1258 2740 Karole!
1282 2717 1351 2741 vos
1373 2717 1489 2741 venas
1511 2714 1657 2743 nostras

268 2781 282 2795 n
307 2764 383 2800 acri
404 2772 541 2800 venatu
569 2761 864 2808 constrinxistis;
892 2761 957 2799 sed
977 2775 1078 2798 nunc
1100 2771 1242 2800 vestras
1267 2762 1453 2803 acerbiori
1469 2765 1658 2802 constrin-

266 2839 279 2855 ιι
307 2834 393 2872 gam
416 2840 450 2858 υ.
477 2826 636 2859 Assertio
655 2825 913 2866 Νονιηαηηίω,
935 2821 960 2858 l.
983 2823 1046 2866 IV,
1071 2836 1104 2858 c.
1127 2836 1154 2859 1.
