2037 3442
450 282 523 315 212
836 279 1130 316 HISTORIARU
1137 282 1173 314 M
1203 281 1380 315 CAROLI
1408 282 1475 315 Vll

451 359 587 404 batur
616 359 736 404 clam
765 376 792 404 a
820 359 1059 421 pluribus,
1092 375 1190 403 non
1227 358 1373 403 modo
1410 359 1504 403 suis
1527 359 1734 417 civibus,
1763 361 1841 406 sed

448 435 585 479 etiam
611 434 670 479 ab
694 435 804 498 ipsis
827 434 1056 496 Anglicis,
1083 436 1162 498 qui
1198 451 1295 479 non
1334 434 1380 479 in
1417 450 1659 479 armorum
1687 434 1844 480 defen-

447 511 602 569 sione,
624 511 708 557 sed
730 512 779 557 in
800 511 944 557 solius
966 513 1052 558 Dei
1076 512 1396 559 misericordia
1415 522 1461 557 et
1478 511 1590 558 dicti
1614 512 1848 575 pontificis

447 587 744 651 providentia
770 606 862 635 suae
892 589 1049 635 salutis
1081 606 1133 635 ac
1159 592 1262 635 vitae
1295 607 1427 653 spem
1458 591 1712 654 repositam
1750 606 1849 634 esse

446 664 670 712 sciebant.
693 669 841 712 Porro
860 676 990 713 tanta
1013 666 1100 712 sub
1123 667 1343 712 servitute
1364 676 1514 712 metus
1539 668 1662 712 cives
1685 676 1728 712 et
1747 683 1848 711 om-

447 760 530 789 nes
552 745 755 807 regionis
779 745 946 792 accolae
968 745 1145 791 detenti
1169 745 1351 791 fuerant
1374 744 1460 790 sul)
1489 745 1743 807 Anglorum
1762 744 1848 790 do-

448 820 722 882 minatione,
741 821 873 884 quod
897 821 1052 867 nullus
1075 839 1129 867 ex
1147 821 1385 879 omnibus,
1412 820 1518 866 licet
1540 821 1849 867 imminentis-

446 898 618 944 simum
635 909 880 945 cernerent
893 899 1179 963 periculum,
1202 899 1260 945 de
1278 898 1519 945 deditione
1536 915 1617 944 seu
1635 898 1851 962 pactione

445 975 599 1039 aliqua
624 994 733 1022 cum
758 978 947 1023 Francis
971 994 1109 1024 ausus
1133 977 1293 1023 fuisset
1314 976 1511 1022 verbum
1531 977 1735 1040 aperire,
1764 976 1852 1022 nisi

447 1053 539 1099 illic
578 1056 785 1118 optimus
823 1055 900 1102 ille
935 1055 1185 1119 episcopus
1217 1064 1488 1120 opportune
1518 1054 1756 1101 adfuisset.
1797 1055 1853 1098 Et

446 1131 544 1194 ipse
567 1133 790 1195 quidem,
813 1134 1133 1198 periculorum
1157 1151 1349 1181 suorum
1385 1151 1483 1180 non
1512 1134 1723 1196 ignarus,
1750 1149 1853 1196 quae

447 1207 533 1253 sibi
552 1226 606 1254 ex
622 1211 752 1255 omni
766 1221 896 1274 parte
914 1211 961 1257 in
977 1228 1060 1258 sua
1074 1212 1282 1257 manenti
1297 1212 1480 1258 civitate
1497 1210 1850 1275 impendebant,

447 1283 578 1330 facile
594 1284 775 1344 eadem,
791 1287 829 1332 si
841 1286 1117 1352 [voluisset],
1135 1289 1362 1353 potuisset
1376 1287 1581 1352 pericula
1595 1288 1848 1335 declinare.

446 1359 660 1406 Habebat
683 1361 809 1407 enim
833 1363 893 1408 ad
913 1363 1029 1410 duas
1052 1364 1208 1410 leucas
1231 1381 1258 1410 a
1283 1365 1468 1410 civitate
1492 1380 1576 1410 sua
1598 1364 1855 1410 munitissi-

447 1453 579 1483 mum
602 1442 848 1499 castrum¹,
872 1440 919 1485 in
944 1458 1039 1504 quo
1063 1443 1156 1488 suis
1180 1452 1364 1488 tantum
1387 1442 1638 1488 comitatus
1658 1441 1855 1504 capella-

446 1514 540 1574 nis,
579 1515 618 1560 si
649 1532 697 1561 se
733 1516 813 1562 illo
849 1518 1058 1581 recipere
1092 1519 1340 1579 voluisset,
1381 1520 1637 1584 expugnari
1669 1534 1805 1582 posse
1830 1534 1854 1563 a

447 1598 547 1636 toto
593 1594 882 1639 Francorum
920 1595 1128 1641 exercitu
1175 1596 1369 1642 minime
1409 1595 1722 1642 formidasset.
1764 1594 1855 1639 Sed

447 1683 546 1713 non
580 1669 736 1714 minus
767 1671 861 1716 suis
897 1672 1214 1736 omnibusque
1243 1673 1411 1719 ovibus
1441 1690 1583 1736 quam
1606 1689 1699 1719 suae
1722 1671 1855 1717 saluti

447 1744 610 1790 volens
632 1748 902 1807 consulere,
931 1750 1070 1795 tantis
1089 1760 1230 1813 caput
1250 1767 1390 1796 suum
1414 1751 1599 1809 maluit,
1624 1767 1711 1814 pro
1731 1766 1857 1796 com-

448 1821 582 1866 muni
613 1824 829 1869 omnium
853 1825 1025 1884 salute,
1053 1826 1290 1888 objectare
1318 1827 1559 1891 periculis,
1587 1843 1747 1890 quam,
1776 1827 1857 1872 eis·

447 1897 557 1944 dem
592 1898 817 1963 luporum
861 1911 906 1947 et
940 1902 1207 1949 belluarum
1244 1904 1486 1967 rapacitati
1521 1920 1574 1951 ac
1612 1904 1857 1950 voracitati

447 1975 696 2039 expositis,
724 1979 795 2023 sui
821 1979 964 2025 solius
985 1979 1183 2026 salutem
1206 1981 1254 2025 in
1279 1990 1382 2027 tuto
1406 1980 1658 2026 collocare.

513 2053 629 2098 Cum
657 2053 797 2116 igitur
825 2055 1122 2103 adventasset
1155 2057 1455 2120 cingeretque
1481 2073 1535 2103 ex
1568 2056 1699 2102 omni
1725 2067 1856 2120 parte

447 2127 681 2174 civitatem
715 2147 849 2177 suam
881 2134 1109 2179 exercitus
1141 2137 1459 2195 Francorum,
1495 2134 1577 2196 qui
1602 2133 1662 2180 ad
1693 2134 1856 2180 decem

448 2204 591 2252 millia
614 2208 844 2270 equitum,
872 2221 1038 2273 praeter
1060 2211 1302 2276 pedestres
1325 2213 1511 2276 copias,
1541 2221 1758 2276 poterant
1781 2229 1858 2259 ra-

447 2281 736 2331 tionabiliter
771 2287 1016 2347 aestimari,
1055 2290 1186 2352 petiit
1228 2306 1339 2336 cum
1373 2289 1619 2353 praecipuis
1657 2289 1856 2336 ducibus

446 2356 621 2405 habere
636 2376 745 2407 cum
760 2364 1004 2410 securitate
1025 2364 1334 2428 colloquium.
1358 2365 1500 2422 Quod
1518 2382 1627 2411 cum
1645 2365 1732 2411 sibi
1748 2366 1857 2412 satis

447 2435 699 2485 liberaliter
735 2439 1029 2506 libenterque
1072 2445 1445 2504 consensissent,
1497 2445 1638 2490 exivit
1671 2455 1853 2508 portam

449 2512 644 2560 civitatis
667 2533 775 2563 cum
798 2517 1030 2581 aliquibus
1062 2522 1157 2567 suis
1184 2520 1531 2580 sacerdotibus,
1562 2532 1614 2566 ut
1638 2538 1745 2567 cum
1769 2521 1855 2567 eis-

449 2588 557 2635 dem
590 2592 879 2656 loqueretur.
919 2599 1129 2644 Tentavit
1164 2608 1320 2646 autem
1365 2599 1616 2663 imprimis,
1654 2598 1855 2644 reserens

504 2740 540 2775 1.
572 2741 623 2776 Le
643 2740 801 2780 chateau
823 2745 869 2782 de
888 2748 1376 2786 Courtonne-la-iileudrac.
