2037 3442
355 352 402 386 80
734 345 1073 382 HISTORIARUM
1101 345 1280 381 CAROLI
1309 347 1377 381 VII

352 424 690 473 conterendam
720 422 1012 486 superbiam,
1052 431 1098 468 et
1132 432 1185 468 ut
1215 440 1275 468 ne
1305 423 1409 486 quis
1441 434 1630 488 «ponat
1659 442 1755 471 car-

351 517 461 547 nem
476 499 723 545 brachium
745 515 905 555 suum,
929 517 951 542 »
973 497 1056 544 sed
1078 515 1175 544 non
1201 499 1248 544 in
1272 502 1390 559 Deo,
1409 500 1491 546 sed
1510 501 1558 546 111
1582 517 1631 546 se
1653 501 1756 564 ipso

350 579 452 624 solo
474 577 533 622 de
557 577 746 639 suisque
768 574 946 622 viribus
967 574 1190 637 glorietur
1209 575 1351 634 ,dicta
1373 577 1590 624 Johanna
1605 595 1631 624 a
1654 581 1755 624 Deo

350 656 489 700 missa
513 653 674 713 fuerit,
702 663 748 699 et
782 652 1090 698 nihilominus
1113 653 1245 715 quod
1277 670 1383 699 eam
1411 657 1561 713 Deus,
1590 655 1661 701 vel
1696 655 1758 701 ob

349 732 469 794 regis
491 730 564 777 vel
581 733 730 793 gentis
742 733 1032 775 Francorum
1055 729 1284 775 demerita
1299 767 1309 787 ,
1328 740 1489 793 utpote
1510 732 1640 793 quod
1656 741 1759 778 tan-

351 821 508 856 torum
520 808 861 855 beneficiorum
876 845 887 866 ,
906 817 1078 870 quanta
1100 811 1227 853 Deus
1251 824 1334 871 per
1358 825 1463 854 eam
1485 809 1596 872 ipsis
1620 811 1759 855 mira—

351 887 504 932 biliter
515 885 779 932 contulerat
795 923 806 946 ,
825 885 1012 947 ingrati,
1037 901 1134 930 non
1164 885 1362 948 proinde
1381 885 1562 932 debitas
1583 887 1759 947 egerint

351 965 520 1026 gratias
535 963 787 1023 divinitati,
806 972 886 1009 aut
900 963 1117 1008 victorias
1136 963 1201 1008 eis
1219 978 1465 1008 concessas
1485 979 1581 1008 non
1608 964 1763 1025 gratia]

350 1042 461 1101 Dei,
507 1042 589 1088 sed
619 1042 714 1087 suis
747 1041 926 1087 meritis
964 1051 1044 1086 aut
1079 1039 1260 1085 viribus
1302 1040 1604 1086 attribuerint
1628 1040 1763 1104 (quae

351 1121 517 1165 merita
556 1118 768 1183 profecto
808 1118 935 1164 nulla
972 1118 1060 1163 nisi
1094 1118 1217 1164 mala
1255 1128 1368 1164 tunc
1412 1128 1573 1179 erant,
1615 1136 1763 1182 quum

353 1214 508 1243 mores
543 1196 885 1260 corruptissimi
931 1207 1112 1257 essent,
1151 1214 1233 1242 seu
1276 1197 1367 1243 alia
1396 1213 1535 1243 causa
1578 1198 1760 1261 aliqua,

348 1275 472 1337 justa
495 1273 714 1337 quidem,
740 1274 965 1337 quoniam
985 1291 1081 1320 non
1104 1284 1171 1320 est
1190 1274 1318 1338 apud
1337 1278 1490 1321 Deum
1513 1276 1760 1338 iniquitas,

353 1352 461 1397 licet
497 1368 523 1396 a
562 1350 701 1396 nobis
731 1351 926 1395 minime
959 1351 1208 1413 cognita),
1248 1351 1307 1396 ab
1338 1351 1555 1397 hostibus
1578 1352 1687 1415 capi
1720 1362 1765 1397 et

354 1429 584 1492 supplicio
608 1429 673 1474 sic
697 1444 800 1473 eam
826 1427 947 1474 affici
969 1429 1234 1491 permiserit
1252 1465 1263 1487 ,
1291 1432 1487 1491 gratiam
1503 1446 1646 1492 quam
1667 1445 1766 1490 gra-

356 1507 411 1553 tis
448 1523 535 1552 nec
570 1505 859 1552 merentibus
896 1505 1116 1564 dederat,
1160 1506 1219 1551 ab
1257 1506 1461 1568 indignis
1486 1523 1539 1552 ac
1576 1506 1766 1568 ingratis

356 1582 698 1630 subtrahendo.
749 1585 879 1646 Saepe
920 1583 1047 1628 enim
1083 1583 1214 1646 quod
1247 1583 1406 1628 divina
1445 1584 1594 1647 pietas
1638 1582 1768 1628 dedit

357 1663 522 1726 gratis,
550 1661 654 1706 tulit
676 1660 884 1721 ingratis.
916 1660 1059 1715 Quod
1089 1670 1247 1706 autem
1272 1678 1356 1724 per
1386 1660 1599 1707 foeminas
1622 1661 1768 1705 inter-

357 1741 473 1786 dum
505 1755 614 1784 cum
649 1737 816 1796 armis,
844 1737 1085 1782 interdum
1119 1739 1218 1782 sine
1242 1739 1408 1796 armis,
1435 1739 1528 1784 suis
1564 1736 1765 1782 subven-

359 1819 537 1864 tionem
561 1826 605 1861 et
636 1815 940 1860 victoriarum
970 1813 1135 1860 solatia
1166 1813 1225 1859 de
1254 1814 1468 1860 hostibus
1492 1817 1618 1861 Deus
1650 1829 1767 1858 con-

359 1895 543 1952 tulerit,
584 1902 721 1939 testes
759 1901 867 1937 sunt
907 1890 1109 1936 'nistoriae
1149 1890 1208 1936 de
1242 1891 1492 1951 Debbora,
1530 1891 1693 1936 Judith
1723 1901 1768 1937 et

361 1971 544 2030 Esther,
594 1986 697 2033 quae
736 1969 909 2018 canoni
950 1968 1218 2013 divinarum
1263 1970 1603 2032 scripturarum
1648 1969 1767 2015 inse-

359 2065 544 2100 runtur.

425 2132 611 2178 Talibus
635 2132 776 2193 igitur
801 2131 859 2177 de
888 2130 1124 2189 Johanna,
1152 2130 1276 2176 dicta
1302 2130 1481 2189 Puella,
1508 2130 1766 2188 recensitis,

362 2209 419 2254 de
443 2209 576 2270 cujus
604 2209 824 2254 missione
844 2246 854 2268 ,
885 2219 930 2254 et
947 2207 1323 2272 apparitionibus
1345 2216 1389 2252 et
1405 2207 1770 2254 revelationibus

360 2302 444 2348 per
490 2301 595 2332 eam
631 2286 839 2344 assertis,
877 2285 995 2331 nulli
1034 2300 1248 2357 proksuo
1285 2294 1427 2348 captu
1460 2294 1505 2330 et
1544 2285 1764 2346 arbitrio,

361 2364 491 2424 quod
514 2364 740 2421 voluerit,
768 2365 832 2410 sic
854 2364 927 2409 vel
955 2363 1087 2409 aliter
1107 2362 1339 2408 sentiendi
1362 2362 1611 2409 adimimus
1634 2363 1771 2408 liber-

362 2450 533 2500 tatem,
575 2441 636 2487 ad
669 2441 949 2487 narrationis
974 2451 1144 2486 nostrae
1179 2440 1349 2486 seriem
1385 2439 1769 2504 prosequendam

364 2529 653 2565 revertamur
671 2523 697 2564 ¹.

416 2657 454 2691 i.
477 2656 560 2691 Une
583 2656 703 2705 partie
727 2656 773 2694 de
803 2671 845 2694 ce
871 2656 937 2706 qui
957 2656 1121 2706 precede
1140 2669 1162 2693 a
1185 2655 1243 2693 ete
1268 2655 1471 2693 intercalee
1492 2654 1586 2692 dans
1609 2655 1663 2691 les
1685 2656 1767 2690 Λη-

363 2716 461 2749 nales
496 2716 685 2750 Flcmdrz'oe
725 2716 770 2752 de
805 2720 950 2765 Meyer,
991 2715 1058 2756 lib,
1081 2718 1182 2753 XVI.
1218 2718 1270 2752 Le
1306 2714 1476 2765 cllapitre
1509 2714 1630 2751 entier
1650 2713 1769 2763 figure

360 2773 481 2824 parmi
500 2772 555 2809 les
577 2787 739 2823 preuves
757 2789 830 2812 aux
858 2775 990 2810 proces
1009 2777 1055 2809 de
1069 2778 1211 2811 ,scanne
1232 2778 1269 2810 la
1289 2776 1452 2819 Pacelle,
1474 2781 1500 2809 t.
1524 2775 1589 2820 IV,
1614 2785 1651 2821 p.
1670 2773 1766 2808 340.
