2037 3442
714 263 853 298 LIBER
881 260 1097 296 TERTIUS.
1534 255 1608 289 ¹123

671 445 1004 489 CAPITULUM
1043 444 1140 486 Vll.

210 569 334 611 Quales
361 570 516 602 fortunas
544 570 627 602 urbs
647 570 861 603 Parisiorum
879 569 1010 602 invenit
1027 580 1106 601 cum
1123 566 1167 600 ad
1182 567 1397 598 Francorum
1415 563 1609 598 dominium

461 629 650 663 rex-cmissvt
665 657 673 671 ,
692 639 723 663 et
742 630 785 663 de
801 628 1060 663 crudelitatibus
1078 625 1360 660 scorticatorum.

275 751 370 796 'sali
394 751 532 813 igitur
555 751 722 809 modo,
743 751 820 796 (liu
847 767 873 797 a
889 753 1177 796 Francorum
1201 743 1400 791 ducibus
1425 753 1469 788 et
1492 743 1612 788 mili-

214 827 389 873 taribus
414 838 579 873 vexata
603 838 648 873 et
674 829 841 889 agitata
864 827 1003 873 variis
1024 820 1340 870 incommodis
1363 829 1406 865 et
1427 819 1613 864 damnis

214 904 384 949 afflicta
401 941 411 961 ,
442 904 552 949 urbs
576 904 654 949 illa
678 905 803 965 regia
828 903 1111 948 Parisiorum
1136 898 1325 945 tandem
1350 896 1397 940 in
1424 904 1614 940 venato-

214 998 317 1026 rum
330 983 520 1043 laqueos
533 991 575 1026 et
590 992 832 1045 capturam
853 980 1007 1025 incidit
1019 1014 1029 1024 .
1045 981 1147 1033 Qua
1164 992 1273 1021 cum
1286 974 1420 1038 potiti
1440 982 1609 1029 essent,

216 1057 446 1102 rationem
466 1057 779 1119 particulatim
801 1073 907 1102 cum
940 1053 1152 1118 pluribus
1174 1051 1356 1096 civibus
1383 1050 1490 1095 satis
1512 1049 1614 1094 stri—

215 1142 336 1177 ctam
360 1143 619 1195 posuerunt
637 1170 647 1189 ,
672 1134 750 1196 qui
771 1132 974 1196 partium
1006 1127 1396 1191 Burgundionum
1426 1125 1499 1171 vel
1525 1129 1617 1170 An-

216 1209 397 1268 glorum
434 1211 765 1271 pertinaciores
810 1209 994 1254 fueraut
1033 1215 1314 1262 sectatores,
1358 1219 1438 1248 seu
1476 1202 1616 1247 etiam

217 1301 386 1330 eorum
423 1286 663 1343 officiarii,
698 1296 743 1333 et
765 1286 966 1331 maxime
989 1283 1068 1347 qui
1094 1281 1401 1346 pecuniarum
1428 1279 1618 1324 fuissent

218 1372 486 1424 quaestoreS.
516 1366 571 1408 Et
594 1365 653 1410 ad
678 1363 783 1410 talia
813 1360 1101 1423 exquirenda
1127 1359 1235 1404 satis
1268 1356 1468 1402 multum
1498 1366 1618 1401 tem-

218 1439 345 1502 poris
370 1450 413 1485 et
434 1457 573 1503 super
592 1441 698 1486 satis
717 1449 1049 1502 consumptum
1074 1446 1166 1494 est,
1189 1434 1365 1497 absque
1381 1433 1474 1478 hoc
1491 1432 1616 1496 quod

218 1518 504 1561 Francorum
520 1517 682 1562 militia
703 1516 939 1578 ducesque
957 1514 1015 1560 ad
1032 1511 1353 1575 recuperanda
1374 1519 1501 1555 certa
1516 1509 1621 1555 loca

218 1609 320 1656 quae
347 1593 523 1654 Anglici
545 1593 701 1639 adhuc
723 1591 1020 1656 occupabant
1050 1589 1279 1635 ullatenus
1304 1586 1616 1632 intenderent.

218 1672 251 1713 T
254 1669 457 1714 cnebant
483 1670 716 1732 siquidem
743 1668 875 1731 Angli
899 1667 1053 1713 adhuc
1087 1681 1227 1728 supra
1250 1666 1506 1709 Maternam
1529 1662 1622 1706 ssu-

220 1747 349 1791 vium
390 1747 625 1792 civitatem
659 1745 975 1803 Mefflensem,
1017 1759 1156 1807 supra
1203 1745 1376 1787 Isaram
1417 1749 1621 1784 castrum

221 1822 399 1868 dictum
412 1823 683 1868 Credulium
697 1825 705 1846 ¹
719 1861 729 1881 ‚
749 1839 890 1885 supra
901 1824 1182 1884 Sequanam,
1198 1833 1400 1876 sursum,
1421 1825 1623 1862 castrum

222 1900 511 1946 Monsterolii
546 1900 607 1945 ad
636 1900 929 1945 confluentes
954 1900 1218 1961 Sequanam
1241 1904 1287 1940 et
1309 1897 1518 1950 Yonam,
1553 1893 1624 1937 in-

224 1976 362 2021 ferius
385 1992 522 2034 vero,
547 1977 669 2022 circa
692 1976 1054 2034 Normanniam,
1084 1972 1356 2019 Meduntam
1375 1973 1415 2029 ²,
1443 1972 1624 2015 Verno-

224 2071 335 2098 nem
373 2064 418 2099 et
455 2064 618 2099 caetera
647 2053 752 2099 loca
783 2070 930 2115 usque
965 2051 1023 2097 ad
1054 2050 1372 2107 Haressutum3
1400 2046 1627 2094 tenebant

227 2141 271 2177 et
295 2147 434 2194 supra
457 2131 633 2176 flumen
658 2130 788 2191 quod
814 2131 953 2192 vulgo
981 2130 1125 2192 [οἴης
1149 2135 1451 2189 nuncupatur
1491 2124 1626 2187 oppi-

228 2208 342 2253 dum
361 2224 470 2253 cum
492 2223 596 2252 arce
617 2206 954 2267 lllontis-Ai·gi³‚
977 2204 1294 2251 firmissimum
1315 2212 1455 2264 atque
1478 2200 1631 2245 muni-

230 2284 459 2329 tissimum
483 2283 660 2329 locum.
690 2286 741 2327 In
767 2281 936 2344 quibus
962 2282 1076 2328 locis
1112 2298 1219 2326 cum
1254 2294 1425 2340 magna
1456 2277 1630 2339 ubique

230 2361 443 2424 praesidia
479 2361 611 2424 Angli
647 2360 953 2418 locavissent,
997 2356 1342 2422 impediebatur
1381 2355 1630 2401 fluminum

231 2438 487 2499 navigatio,
515 2455 623 2484 cum
644 2454 736 2501 qua
761 2436 819 2483 ad
842 2437 1016 2482 victum
1043 2445 1088 2481 et
1119 2433 1392 2481 alimoniam
1417 2431 1540 2478 illius
1562 2448 1632 2477 re-

288 2622 303 2656 1
316 2649 324 2657 .
356 2619 468 2657 Creil.

288 2680 310 2714 2
319 2709 326 2716 .
358 2680 514 2714 Mantes.

292 2740 327 2774 3.
358 2739 412 2773 La
431 2736 521 2774 ville
539 2743 576 2772 et
593 2735 630 2773 le
649 2735 807 2772 chateau
827 2734 874 2771 de
893 2733 1111 2784 Montargis.
