2037 3442
436 228 483 262 96
812 229 1150 264 HiSTORIARUM
1179 230 1356 265 CAROLI
1384 232 1450 265 VII

434 310 615 356 tamdiu
639 320 732 354 tam
755 312 1040 354 Francorum
1063 325 1207 369 quam
1227 310 1616 370 Burgundionum
1652 315 1833 360 animos

431 385 720 449 possederat,
740 393 792 428 ut
813 383 981 428 exinde
995 384 1138 428 totius
1158 400 1289 445 paene
1312 386 1445 445 regni
1460 386 1583 431 vires
1605 390 1766 434 attritae
1789 401 1834 436 et

431 461 684 524 deperditae
699 497 710 519 ,
732 460 973 522 ipsiusque
997 459 1150 504 totalis
1171 475 1302 522 paene
1327 460 1517 505 vastitas
1540 472 1585 506 et
1609 462 1833 511 desolatio

431 546 684 584 consecuta
719 545 895 594 essent,
935 551 1033 581 sese
1072 535 1316 581 reflectens
1351 545 1397 580 et
1430 537 1669 600 applicans
1709 540 1834 587 idem

430 614 527 659 dux
550 612 775 658 Borhonii
794 631 804 670 3
831 611 970 657 simul
998 612 1139 657 etiam
1162 621 1215 657 ut
1238 611 1326 656 sibi
1350 614 1577 676 terrisque
1601 616 1694 661 suis
1717 634 1832 663 con-

428 692 627 748 suleret,
675 706 791 753 quas
837 698 1003 735 contra
1046 688 1441 751 Burgundionum
1485 691 1605 737 vires
1646 692 1833 741 difficile

427 768 567 814 tutari
608 767 867 831 potuisset,
911 766 1081 811 Carolo
1126 766 1224 827 regi
1256 766 1486 829 persuasit
1519 777 1595 826 ut,
1627 786 1714 831 pro
1749 787 1833 817 sua

427 846 654 908 regnique
686 845 828 890 totius
865 842 1061 888 utilitate
1100 843 1414 906 permaxima,
1452 843 1512 889 ad
1543 843 1591 889 id
1622 846 1832 892 animum

426 922 672 967 intendere
697 921 836 966 vellet
860 929 927 978 ut,
960 920 1066 965 licet
1091 936 1220 979 sero,
1247 920 1536 983 quandoque
1564 931 1722 967 tamen
1751 923 1832 969 de—

427 997 707 1044 solatissimo
742 1014 888 1059 regno
922 996 982 1042 de
1006 996 1166 1059 aliquo
1202 998 1331 1059 pacis
1367 996 1577 1042 remedio
1617 1000 1830 1045 consule-

426 1085 572 1120 retur.
618 1075 727 1120 Dies
771 1075 929 1137 itaque
975 1075 1256 1119 constitutus
1298 1073 1525 1136 locusque
1561 1075 1833 1122 Atrebatum

426 1163 715 1215 acceptatus,
740 1152 800 1198 ad
829 1168 971 1215 quem
1001 1151 1139 1213 legati
1168 1150 1310 1212 regis,
1336 1167 1445 1196 cum
1474 1151 1635 1214 legatis
1659 1154 1832 1215 Anglo-

425 1247 531 1275 rum
554 1231 752 1294 ipsoque
780 1229 1169 1291 Burgundionum
1202 1228 1345 1287 duce,
1372 1228 1432 1274 ad
1455 1229 1751 1275 tractandum
1773 1231 1832 1278 de

424 1323 541 1370 pace
564 1323 660 1352 una
684 1308 1010 1353 convenirent.
1039 1306 1109 1352 Ad
1143 1305 1388 1351 condictos
1422 1316 1579 1352 autem
1613 1317 1659 1352 et
1690 1307 1831 1354 desti-

426 1395 563 1430 natos
595 1385 756 1430 locum
786 1394 832 1430 et
862 1384 989 1429 diem
1023 1393 1349 1442 convenerunt
1373 1383 1509 1446 legati
1534 1385 1689 1430 Caroli
1711 1387 1832 1447 regis

425 1465 740 1518 Francorum,
762 1461 978 1525 praefatus
1002 1460 1226 1506 Borbonii
1246 1460 1363 1518 dux,
1385 1462 1580 1506 comites
1600 1463 1833 1507 Dunensis

426 1548 471 1584 et
492 1537 875 1594 Vindocinensis‚
900 1554 1008 1583 eum
1032 1536 1247 1600 pluribus
1270 1537 1369 1582 aliis
1389 1538 1498 1582 viris
1522 1539 1703 1600 magnis
1734 1548 1831 1584 tam

425 1615 722 1660 ecclesiastici
746 1615 926 1660 ordinis
958 1631 1103 1677 quam
1131 1614 1361 1660 saecularis
1384 1625 1551 1673 status,
1576 1632 1687 1661 cum
1709 1625 1831 1662 trac—

426 1691 586 1749 tandi,
642 1691 966 1754 componendi
1027 1691 1402 1753 pacificandique
1461 1708 1568 1736 cum
1619 1693 1829 1755 partibus

427 1770 635 1831 utrisque
654 1778 746 1814 tam
770 1769 1029 1829 Angiorum
1049 1785 1193 1830 quam
1209 1769 1598 1830 Burgundionum
1621 1769 1829 1833 plenaria

423 1854 668 1909 potestate.
709 1847 1087 1907 Comparuerunt
1120 1853 1164 1889 et
1196 1843 1287 1888 illic
1325 1843 1483 1905 plures
1514 1845 1750 1908 principes
1785 1856 1829 1891 et

422 1922 600 1985 praelati
623 1922 754 1983 regni
779 1920 969 1982 Angliae,
994 1921 1100 1981 jura
1134 1920 1181 1964 in
1215 1936 1360 1982 regno
1390 1923 1676 1966 Francorum
1711 1938 1828 1984 prae-

423 2008 555 2044 tensa
581 2014 784 2060 suasque
814 2007 992 2061 partes,
1018 2007 1070 2042 ut
1093 1996 1259 2042 melius
1283 2007 1499 2060 possent,
1526 1999 1753 2043 servaturi
1775 2015 1828 2044 ac

421 2076 675 2122 defensuri.

485 2155 535 2197 In
578 2150 769 2214 propria
809 2159 966 2195 autem
1009 2166 1213 2212 persona
1252 2149 1384 2195 affuit
1424 2150 1516 2196 illic
1557 2151 1823 2216 Philippus,

420 2228 810 2290 Burgundionum
833 2227 951 2285 dux,
980 2244 1089 2272 cum
1109 2226 1267 2272 multis
1291 2227 1591 2290 praelatorum
1622 2238 1667 2274 et
1698 2231 1826 2293 prin-

419 2307 578 2369 cipum
607 2306 915 2365 virorumque
943 2303 1175 2349 nobilium
1206 2314 1252 2349 et
1285 2306 1551 2368 potentium
1577 2307 1826 2369 magnifico

420 2383 672 2439 comitatu,
709 2382 756 2426 in
789 2381 996 2427 donariis
1029 2390 1169 2443 atque
1196 2382 1418 2444 impensis
1453 2391 1498 2427 et
1529 2384 1827 2446 apparatibus

420 2461 556 2505 variis
583 2458 819 2521 magnifici
842 2459 1066 2523 principis
1088 2457 1314 2505 exhibens
1333 2460 1640 2521 majestatem.
1671 2461 1824 2507 Affue-

420 2545 530 2580 runt
548 2546 593 2581 et
613 2536 671 2582 ad
692 2545 982 2582 conventum
1007 2534 1140 2579 illum
1165 2536 1543 2581 reverendissimi
1567 2553 1620 2583 ac
1642 2538 1826 2601 praecla-

420 2611 587 2655 rissimi
611 2613 716 2670 viri,
741 2612 934 2658 scientia
954 2610 1302 2674 virtutibusque
1322 2613 1564 2675 insigniter
1587 2614 1819 2673 adornati,

420 2687 669 2733 cardinalis
686 2691 867 2735 Sanctae
879 2690 1056 2748 Crucis,
1079 2689 1386 2735 Cartusiensis
1406 2689 1579 2752 regulae
1597 2701 1643 2737 et
1662 2690 1820 2738 obser-2
