2037 3442
400 308 447 342 68
778 307 1111 341 HISTORIARUM
1140 308 1319 342 CAROLI
1346 309 1413 342 VII

400 386 667 446 caeterisque
701 385 970 429 necessariis
1016 401 1118 446 quae
1150 401 1235 429 suo
1280 385 1585 429 convenirent
1626 386 1789 439 statui,

397 477 499 507 eam
524 477 579 505 ex
601 459 708 505 loco
742 460 935 521 originis
953 460 1177 522 praedicto
1200 460 1260 505 ad
1285 460 1507 506 Cas-olum
1530 476 1686 522 regem
1707 463 1793 505 Tu-

395 553 568 582 ronum
594 552 741 598 usque
765 536 1024 598 perduxit².

462 614 578 669 Ubi,
608 630 718 659 cum
741 630 898 676 regem
928 630 954 659 a
993 631 1040 659 se
1079 614 1330 659 salutatum
1365 614 1423 659 de
1455 613 1684 659 adventus
1724 614 1795 658 sui

396 707 535 737 causa
554 701 599 736 et
627 690 761 736 dictae
793 690 961 736 Puellae
990 690 1276 737 adductione
1299 691 1548 736 certiorem
1583 691 1792 747 fecisset,

397 785 475 814 rex
513 768 807 831 aliquantum
850 768 1073 813 sollicitus
1118 785 1258 832 super
1302 768 1425 813 dicta
1477 768 1543 813 rei
1590 769 1796 813 novitate

397 846 569 902 facum,
604 845 768 890 Puellae
802 844 1147 908 simplicitatem
1184 853 1324 907 atque
1354 844 1657 889 rusticitatem
1692 861 1796 907 per-

395 922 634 985 pendens,
662 922 722 968 ad
748 921 1118 984 colloquendum
1142 938 1301 967 secum
1325 937 1429 967 eam
1454 920 1700 967 admittere
1725 937 1797 966 re-

395 1000 590 1046 cusavit.
615 1000 706 1046 Sed
726 999 785 1045 ad
804 1015 906 1045 eam
928 999 1183 1044 nonnullos
1201 999 1260 1044 de
1279 999 1475 1044 consilio
1500 1014 1552 1043 ac
1572 998 1798 1044 comitatu

396 1093 484 1122 suo
514 1077 660 1131 misit,
688 1077 768 1139 qui
792 1094 843 1122 ea
871 1093 971 1139 quae
994 1076 1079 1121 sibi
1107 1075 1262 1121 dicere
1289 1092 1342 1121 ac
1370 1075 1575 1120 revelare
1596 1074 1731 1120 vellet
1754 1084 1798 1120 et

394 1170 497 1217 quae
530 1154 762 1200 missionis
791 1171 884 1200 suae
910 1154 1039 1215 signa
1061 1153 1356 1209 ostenderet,
1385 1153 1565 1198 cautius
1594 1162 1638 1198 et
1669 1151 1798 1198 calli-

395 1230 501 1276 dius
528 1230 587 1277 ab
613 1247 668 1276 ea
692 1230 982 1294 explorando
1009 1230 1168 1276 omnia
1191 1239 1628 1293 percunctarentur.
1660 1230 1797 1292 Atqui

395 1316 666 1352 constanter
691 1307 912 1353 omnibus
943 1307 1043 1370 ipsa
1075 1306 1317 1370 respondit
1354 1323 1403 1352 se
1425 1306 1600 1352 ‘habere
1639 1306 1798 1352 divina

385 1384 598 1446 jussione
629 1394 805 1429 secreta
834 1384 1048 1447 quaedam
1079 1384 1175 1445 regi
1204 1383 1437 1446 pandere,
1471 1400 1572 1446 quae
1598 1383 1684 1428 sibi
1714 1383 1797 1428 soli

394 1460 605 1524 nullique
633 1462 764 1507 alteri
789 1461 1050 1524 patefacere
1077 1470 1256 1523 posset3
1294 1461 1527 1506 missionis
1559 1477 1672 1506 vero
1707 1477 1799 1505 suae

393 1538 504 1584 talia
525 1539 654 1600 signa
682 1548 994 1595 ostensuram,
1024 1538 1061 1582 si
1083 1537 1142 1583 ad
1166 1537 1457 1600 colloquium
1481 1540 1619 1583 suum
1643 1554 1690 1583 se
1720 1554 1799 1583 rex

394 1613 649 1672 admiserit,
676 1614 807 1678 quod
831 1614 890 1660 de
914 1614 1198 1660 revelatione
1224 1614 1311 1659 sibi
1334 1630 1360 1660 a
1383 1617 1483 1660 Deo
1509 1613 1627 1659 facta
1649 1614 1799 1660 nulla-

396 1700 531 1737 tenus
554 1692 602 1736 in
633 1692 824 1755 ancipiti
858 1707 1048 1737 manere
1079 1701 1252 1755 posset.
1282 1691 1374 1737 Sed
1398 1692 1468 1737 his
1494 1691 1800 1738 nihilominus

396 1768 458 1813 ita
489 1767 547 1813 ab
584 1784 638 1814 ea
671 1768 882 1824 assertis,
924 1785 1004 1814 rex
1042 1785 1126 1831 per
1158 1768 1410 1814 decursum
1447 1769 1628 1815 circiter
1658 1769 1799 1814 trium

397 1846 632 1891 mensium
657 1861 761 1891 eam
784 1845 947 1892 audire
970 1845 1282 1891 detrectavit2.
1308 1848 1416 1901 Quo
1443 1845 1679 1892 defluente
1702 1863 1800 1909 spa-

396 1923 495 1982 tio,
536 1922 752 1969 obsessos
793 1923 1147 1968 Aurelianenses
1190 1922 1292 1968 dira
1331 1923 1473 1968 fames
1515 1932 1559 1968 et
1594 1922 1799 1987 plurium

396 1998 616 2045 humanis
653 1998 815 2045 usibus
854 1998 1224 2044 necessariarum
1260 2015 1419 2044 rerum
1454 2001 1649 2062 penuria
1686 2016 1800 2045 con·

396 2075 703 2138 stringebant.
723 2079 826 2139 Ipsa
841 2092 952 2121 vero
968 2078 990 2120 J
995 2091 1149 2120 oanna
1168 2076 1347 2138 regium
1363 2076 1630 2134 consilium,
1655 2076 1800 2122 modo

396 2151 561 2212 istum,
583 2152 729 2198 modo
756 2152 888 2198 illum
913 2169 965 2197 ex
992 2152 1278 2214 primoribus
1302 2168 1410 2214 erga
1430 2168 1587 2215 regem
1604 2153 1801 2198 assiduis

395 2227 850 2292 interpellationibus
881 2228 1121 2292 satigabat‚
1154 2228 1391 2274 affirmans
1427 2238 1796 2292 perseveranter,

398 2320 447 2350 se
478 2305 515 2349 si
549 2321 630 2351 rex
659 2305 821 2351 audire
854 2305 992 2351 vellet
1025 2314 1071 2350 et
1099 2321 1204 2368 quae
1239 2305 1326 2350 sibi
1355 2305 1577 2352 divinitus
1606 2305 1801 2351 manda—

398 2380 571 2427 bantur
584 2382 858 2446 adimplere,
881 2383 1053 2428 auxilia
1073 2382 1159 2428 sibi
1176 2382 1470 2446 obsessisque
1487 2399 1540 2428 ac
1554 2384 1638 2429 toti
1656 2400 1800 2447 regno

398 2469 708 2520 proventura;
754 2461 825 2506 sin
860 2476 970 2506 vero
1006 2461 1053 2505 in
1087 2477 1168 2506 sua
1203 2461 1479 2524 persistisset
1511 2461 1796 2525 pertinacia,

457 2591 493 2625 1.
526 2591 576 2626 Ce
594 2593 689 2627 n'est
711 2604 777 2641 pas
797 2590 940 2628 Robert
959 2590 1006 2627 de
1026 2589 1276 2628 Baudricourt
1302 2590 1503 2628 lui-meme
1530 2593 1595 2641 qui
1623 2590 1798 2639 l’amena,

402 2648 495 2685 mais
517 2647 582 2684 des
602 2661 807 2698 personnes
831 2650 877 2687 de
905 2649 1032 2686 bonne
1058 2649 1212 2686 volonte
1234 2649 1389 2700 agreees
1413 2663 1481 2701 par
1500 2650 1576 2698 lui;
1609 2660 1645 2689 et
1676 2652 1711 2688 le
1742 2651 1798 2688 roi

402 2706 512 2752 emit,
533 2718 610 2742 non
630 2720 695 2756 pas
714 2712 735 2743 a
754 2711 873 2744 Tours
887 2737 896 2754 ,
918 2708 1012 2744 mais
1033 2710 1053 2744 21
1073 2707 1234 2746 Chinon.

455 2768 491 2802 Ξ.
525 2768 679 2810 Errenr,
700 2765 734 2801 le
751 2766 807 2801 roi
826 2766 970 2802 l’admit
989 2768 1009 2803 a
1031 2780 1104 2803 une
1121 2775 1305 2804 entrevue
1325 2767 1390 2804 des
1405 2767 1544 2816 qu'elle
1561 2768 1615 2804 sut
1633 2767 1794 2805 arrivee.
