2037 3442
402 267 476 302 206
768 264 1107 301 HISTORIARUM
1138 263 1318 298 CAROLI
1352 266 1419 298 VII

402 346 517 391 dino
540 361 678 390 suum
704 343 1018 388 ministerium
1042 341 1352 399 exhibebant,
1380 342 1507 387 idem
1529 344 1797 407 Floquetus‚

400 439 511 468 cum
535 421 654 479 suis,
696 419 817 464 clam
844 428 890 463 et
916 418 1078 464 furtim
1112 417 1391 463 Vernolium
1421 418 1630 465 introivit
1665 431 1804 483 atque

399 497 619 559 recepit¹.
651 496 795 557 Cujus
822 511 931 540 cum
966 495 1227 558 ingressum
1256 495 1455 557 Anglici,
1487 497 1568 558 qui
1600 496 1693 543 illic
1716 514 1803 560 pro

398 576 616 639 praesidio
641 576 783 621 locati
805 585 965 635 erant,
995 576 1357 639 persensissent,
1385 575 1545 639 plures
1567 593 1623 623 ex
1649 577 1714 622 eis
1744 576 1804 622 ad

398 653 655 714 quamdam
679 652 1070 711 munitissimam,
1108 669 1212 715 quae
1240 652 1334 698 illic
1362 663 1456 713 est,
1483 655 1672 700 turri1n²
1697 671 1804 700 con-

397 782 475 820 duo
502 791 775 820 construuntur
795 781 1026 819 molendina.
1052 784 1105 819 Ac
1127 795 1224 818 unus
1252 781 1412 818 istorum
1437 781 1801 824 molendinarius...

397 843 445 880 ad
464 843 648 880 ballivum
670 841 958 888 Ebroicensum,
979 840 1187 878 Robertum
1214 840 1261 878 de
1289 844 1460 889 Floques,
1485 854 1524 878 se
1546 842 1803 891 profecturum

396 903 593 940 conclusit.
618 902 687 939 Cui
707 901 866 938 consilio
885 909 1039 951 aperto,
1061 900 1254 938 liberalius
1280 899 1438 947 obtulit,
1460 900 1557 937 infra
1584 902 1804 939 Vernolium

396 963 520 1014 ipsum
554 962 762 1001 Robertum
801 961 947 999 facilius
978 961 1351 999 interducturum....
1384 963 1479 997 Tum
1506 959 1670 997 ballivus
1694 961 1804 1008 hujus

398 1023 453 1059 rei
486 1023 670 1060 occultam
699 1021 833 1059 seriem
859 1021 1030 1058 Dunensi
1056 1020 1184 1057 comiti
1205 1033 1271 1057 ore
1296 1028 1404 1057 tenus
1424 1027 1586 1067 reserat,
1612 1021 1804 1058 senescal-

397 1096 518 1131 coque
538 1082 763 1119 Pictaviensi
782 1080 937 1117 mandat
962 1093 1125 1130 propere
1149 1079 1196 1116 ad
1224 1080 1348 1130 ipsum
1376 1088 1602 1127 venturum,
1627 1089 1669 1117 ut
1698 1094 1806 1118 exse-

396 1142 538 1179 cutioni
569 1151 642 1178 tam
670 1141 833 1178 difficilis
865 1140 978 1186 liujus
1002 1140 1120 1177 felicis
1154 1139 1296 1190 negotii
1330 1138 1448 1175 fidum
1479 1152 1671 1176 armorum
1700 1148 1806 1190 gerat

390 1202 588 1248 juvamen.
607 1200 730 1237 Ambo
753 1199 863 1236 simul
882 1199 1028 1246 juncti,
1055 1208 1095 1235 ut
1110 1199 1221 1235 otiosi
1240 1207 1276 1234 et
1293 1197 1340 1234 al)
1360 1197 1474 1234 armis
1489 1198 1639 1247 penitus
1659 1197 1803 1234 remissi

397 1260 640 1302 viderentur,
670 1259 864 1309 ingentem
899 1258 1110 1295 venationis
1144 1266 1368 1308 apparatum
1407 1265 1650 1303 construunt,
1691 1265 1728 1292 et
1764 1257 1803 1293 in

394 1320 633 1356 Concharum
657 1319 751 1354 silva
769 1349 776 1364 ,
811 1326 852 1353 ut
869 1347 877 1364 ,
901 1318 1075 1354 velamen
1095 1318 1252 1369 fugandi
1273 1331 1407 1355 cervos
1427 1317 1571 1367 absque
1591 1318 1803 1367 suspicione

394 1379 503 1415 hoste
530 1377 882 1421 animadvertente,
910 1377 1077 1414 maxima
1103 1378 1142 1414 in
1170 1376 1415 1414 multitudine
1433 1376 1593 1414 Conchis
1624 1376 1804 1413 accedere

393 1447 613 1488 possent....
636 1437 726 1473 illuc
745 1435 793 1472 ab
819 1436 1039 1472 Ebroicensi
1061 1436 1154 1473 urbe
1176 1437 1356 1486 conjuges
1376 1437 1578 1473 senescalci
1600 1445 1636 1473 et
1655 1435 1802 1483 ballivi,

394 1510 543 1533 sorores
564 1508 776 1547 germanae,
797 1494 911 1541 hujus
932 1495 1060 1531 arcani
1081 1495 1232 1546 penitus
1252 1495 1410 1545 ignarae,
1430 1503 1471 1531 ut
1493 1494 1687 1531 venationi
1706 1495 1805 1531 sera-

394 1569 479 1593 rum
502 1555 697 1600 intersint,
727 1555 856 1602 jocose
882 1554 1108 1592 veniunt....
1132 1554 1315 1592 Latibulis
1344 1569 1437 1592 vero
1468 1555 1571 1592 silvae
1595 1555 1694 1592 trina
1721 1555 1803 1593 vice

392 1617 586 1667 ingressis,
611 1614 873 1653 delectabilem
890 1615 1101 1652 venationis
1121 1616 1317 1653 mollitiem
1337 1616 1564 1653 dominabus
1583 1617 1722 1653 teneris
1741 1630 1803 1653 ce-

393 1675 488 1712 dunt
514 1684 551 1712 et
583 1675 676 1711 ferri
705 1673 946 1723 asperitatem
972 1673 1203 1711 induunt....
1237 1677 1332 1710 Tum
1363 1675 1663 1711 molendinarius
1690 1683 1803 1723 atque

392 1733 472 1780 ejus
496 1733 686 1771 socius....
714 1733 860 1769 decima
884 1745 985 1768 nona
1002 1733 1087 1779 julii
1104 1763 1113 1780 ,
1143 1733 1229 1770 ideo
1259 1734 1363 1782 quod
1395 1735 1479 1771 luce
1507 1733 1680 1783 sequenti
1705 1734 1803 1770 cele-

390 1791 466 1828 bris
502 1792 709 1829 Dominicae
736 1791 953 1828 solemnitas
991 1804 1058 1828 sua
1087 1791 1307 1828 molendina
1337 1792 1417 1829 fore
1444 1793 1624 1842 praecepit
1654 1792 1797 1839 otiosa,

391 1851 610 1902 diruptione
636 1863 820 1900 aquarum
853 1850 972 1897 sacta,
1000 1864 1021 1887 e
1047 1851 1155 1887 fossis
1176 1851 1429 1901 profluentem
1459 1851 1602 1887 faciunt
1632 1851 1797 1889 elabi....

390 1913 514 1960 Atque
536 1910 731 1947 relucente
751 1922 912 1955 aurora,
945 1909 1069 1945 caeteri
1091 1910 1130 1945 in
1161 1909 1330 1946 excubiis
1366 1919 1650 1959 pernoctantes,
1678 1911 1801 1960 arguti

391 1968 656 2005 molendinarii
668 1966 977 2018 persuasionibus
993 1967 1145 2012 devicti,
1158 1981 1268 2004 mane
1284 1968 1389 2004 ocius
1405 1982 1519 2017 quam
1540 1968 1699 2018 vigilum
1712 1982 1803 2005 con-

388 2027 550 2064 suetudo
578 2036 681 2074 erat‚
710 2039 732 2063 a
758 2026 1053 2076 propugnaculis
1079 2040 1277 2063 murorum
1306 2026 1566 2073 descendunt,
1590 2036 1630 2063 ut
1649 2027 1801 2064 missam

387 2088 426 2124 in
446 2087 534 2124 solis
554 2095 640 2123 ortu
657 2085 923 2123 celebrandam
943 2085 1168 2123 audirent...
1192 2086 1433 2123 Senescalcus
1452 2085 1708 2133 Pictavorum,
1732 2100 1801 2137 pe-

390 2145 575 2183 destrium
605 2145 785 2191 director,
807 2145 882 2182 late
905 2154 1077 2183 ocreatus
1095 2176 1103 2192 ,
1133 2145 1171 2182 in
1192 2146 1345 2182 alveum
1372 2144 1679 2182 molendinorum
1699 2146 1800 2183 luto-

388 2219 492 2250 sum,
525 2204 674 2241 duobus
695 2204 895 2255 sagittariis
915 2204 1246 2250 antecedentibus,
1268 2205 1415 2254 primus
1438 2204 1574 2250 infert;
1604 2214 1707 2242 tanto
1731 2205 1800 2242 luti

390 2263 558 2314 pondere
578 2277 694 2301 onere
711 2263 905 2300 retrahere
926 2263 973 2301 ab
994 2264 1104 2301 alveo
1122 2277 1252 2301 ocreas
1268 2277 1346 2300 non
1361 2264 1506 2314 potuit,
1521 2278 1616 2314 quas
1633 2265 1672 2301 in
1691 2279 1798 2302 coeno

387 2324 607 2369 dimittens,
642 2323 794 2360 evulsos
824 2322 940 2373 pedes
973 2323 1098 2360 nudus
1129 2323 1270 2360 moenia
1304 2323 1540 2363 ascendit....
1574 2325 1798 2362 Insidiantes

388 2397 479 2420 vero
497 2383 616 2419 scalas
636 2382 825 2432 dirigunt,
847 2396 890 2419 ac
909 2383 962 2419 illi
985 2383 1146 2420 directas
1167 2396 1277 2420 muro
1296 2383 1490 2433 adaptant,
1513 2383 1665 2420 nemine
1683 2383 1799 2433 partis

387 2442 557 2479 adversae
575 2442 824 2491 intelligente.
846 2441 945 2478 Galli
961 2441 1093 2478 subtus
1108 2442 1256 2487 armati,
1276 2442 1411 2479 tunicis
1429 2442 1609 2479 talaribus
1624 2443 1799 2493 superin-

388 2501 468 2538 duti
482 2531 492 2547 ,
514 2502 738 2539 vernolium
761 2501 977 2539 subintrant
996 2515 1066 2552 per
1084 2515 1266 2553 magnum
1285 2502 1414 2539 vicum
1432 2532 1441 2549 ,
1464 2501 1546 2539 sine
1568 2503 1793 2552 strepitu....

386 2562 501 2597 Fores
528 2562 621 2598 seris
647 2561 773 2598 fractis
805 2561 1005 2611 aperiunt3
1040 2570 1233 2611 equestres
1263 2561 1386 2607 Galli,
1414 2561 1584 2611 equitatu
1604 2562 1740 2610 celeri,
1773 2575 1793 2598 e

386 2618 540 2656 latebris
561 2620 736 2660 affluunt.
757 2638 772 2653 »
797 2620 943 2657 Robert
960 2620 1120 2658 Blondel
1137 2651 1146 2669 ,
1168 2619 1235 2657 lib.
1253 2622 1285 2669 Ι,
1308 2633 1392 2671 cap.
1412 2634 1491 2658 xv1.

441 2680 457 2715 1
504 2681 556 2715 Le
579 2682 626 2716 19
643 2679 767 2725 juillet
785 2682 901 2718 1449.

440 2738 478 2774 2.
499 2737 598 2775 C'est
610 2749 652 2774 ce
666 2741 783 2787 qu'on
796 2738 962 2789 appelait
978 2742 1012 2775 le
1023 2740 1188 2776 Cledteaa
1201 2752 1251 2776 ou
1265 2740 1303 2774 la
1313 2752 1436 2787 grosse
1453 2747 1536 2774 tour
1547 2737 1595 2775 de
1604 2736 1795 2775 Verneuil.
