2037 3442
733 408 877 443 LIBER
905 407 1146 453 QUARTUS.
1569 410 1609 445 21
1621 409 1643 444 9

247 498 367 548 rent„
385 488 563 552 absque
577 489 784 535 hostium
802 489 895 535 ulla
916 489 1167 535 formidine
1183 506 1262 535 seu
1278 489 1640 553 impediment03

247 574 294 610 et
320 566 405 625 ita,
439 565 556 610 nihil
580 566 750 612 hostile
773 576 877 629 post
909 581 956 610 se
979 583 1005 612 a
1033 575 1164 627 tergo
1196 567 1530 629 relinquentes,
1564 567 1645 611 sed

249 657 434 705 semper
456 643 503 687 in
535 643 767 688 anteriora
793 658 891 687 sese
915 641 1235 700 extendentes,
1263 659 1317 687 ex
1344 659 1437 688 una
1464 653 1645 688 tantum

249 718 362 764 facie
386 719 552 765 obvios
580 720 736 767 hostes
759 719 1010 777 haberent,
1038 735 1091 764 ex
1117 719 1260 765 altera
1276 757 1286 777 ,
1313 736 1420 781 quae
1440 731 1564 767 retro
1587 722 1646 767 ad

251 794 365 841 fines
395 813 503 842 suos
527 799 806 862 respiceret,
836 812 1019 859 semper
1043 796 1213 841 auxilia
1239 806 1283 841 et
1305 813 1462 841 rerum
1486 814 1646 843 neces-

250 873 478 918 sariarum
513 873 675 920 solatia
707 873 938 931 habituri,
984 872 1045 917 ita
1079 881 1124 917 et
1162 872 1337 917 civitati
1376 889 1468 917 suae
1508 883 1647 935 atque

251 949 434 995 dioecesi
462 951 610 996 multo
635 951 798 996 melius
822 948 1090 996 consultum
1114 949 1187 1007 iri,
1214 965 1324 994 cum
1349 965 1375 994 a
1396 958 1546 1010 tergo,
1569 953 1649 994 Pa-

251 1026 385 1071 risios
409 1042 568 1072 versus
595 1036 640 1072 et
662 1030 950 1073 Francorum
974 1035 1144 1083 terras,
1176 1026 1325 1088 patria
1351 1034 1448 1071 tuta
1472 1035 1515 1070 et
1538 1025 1648 1070 hos-

252 1101 375 1147 tibus
398 1113 593 1149 vacuata
613 1103 912 1161 redderetur,
939 1118 1083 1165 quam
1104 1102 1143 1147 si
1165 1101 1227 1147 ad
1252 1101 1426 1165 oppida
1454 1102 1651 1147 Cadomi

252 1190 297 1225 et
319 1180 503 1227 Falesiae
526 1181 794 1245 recipienda
818 1180 1142 1226 intendissent.
1171 1182 1222 1224 In
1243 1196 1335 1242 qua
1357 1196 1407 1225 re
1431 1180 1653 1225 verisimi—

252 1256 355 1302 liter
380 1257 493 1303 tales
517 1258 675 1304 obices
697 1258 1009 1315 invenissent,
1035 1257 1166 1321 quod
1179 1258 1277 1320 Jam
1303 1267 1437 1321 parta
1460 1268 1505 1303 et
1527 1274 1651 1320 quae-

252 1332 370 1391 sita,
407 1333 518 1396 ipsis
554 1351 639 1380 suo
676 1343 849 1380 conatu
884 1333 1141 1393 frustratis,
1181 1334 1400 1379 extremis
1436 1334 1652 1398 periculis

252 1410 573 1471 exposuissent
588 1429 599 1470 3
624 1412 685 1457 ita
710 1411 862 1468 enim,
888 1419 991 1456 tum
1019 1410 1067 1455 in
1092 1409 1251 1455 multis
1267 1447 1277 1467 ,
1303 1420 1406 1456 tum
1429 1411 1476 1456 in
1502 1411 1654 1475 perdi-

253 1485 381 1531 tione
404 1496 450 1532 et
475 1487 725 1534 miserabili
747 1488 1009 1534 vastatione
1033 1487 1194 1551 patriae
1218 1487 1472 1533 Caletensis
1493 1524 1503 1545 ‚
1543 1504 1656 1533 con-

254 1562 406 1623 tigisse
442 1563 502 1609 ad
532 1557 810 1611 memoriam
839 1563 1091 1623 referebat3
1121 1580 1224 1626 quse
1256 1581 1364 1609 cum
1398 1574 1492 1610 tota
1525 1580 1656 1628 paene

252 1656 336 1703 per
350 1643 509 1704 patriae
532 1643 710 1689 incolas
726 1644 822 1706 regi
840 1647 1131 1689 Francorum
1152 1643 1377 1705 acquisita
1397 1643 1578 1701 fuisset,
1599 1659 1656 1687 eo

254 1718 386 1780 quod
429 1718 541 1764 urbs
582 1719 929 1782 Rothomagum
972 1735 1081 1764 cum
1111 1719 1272 1782 paucis
1304 1719 1502 1764 castellis
1535 1718 1657 1763 illius

255 1795 414 1857 patria:
451 1796 497 1840 in
533 1796 791 1858 Anglorum
813 1797 992 1843 ditione
1017 1794 1174 1841 relicta
1195 1796 1280 1841 fuit
1307 1833 1317 1853 ‚
1354 1805 1399 1840 et
1422 1796 1657 1840 intermis-

257 1887 361 1917 sum
397 1889 517 1936 opus
549 1873 679 1934 quod
716 1873 823 1919 satis
850 1873 1040 1919 feliciter
1070 1883 1272 1937 caeptum
1299 1872 1476 1930 fuerat,
1505 1872 1658 1918 modi-

258 1966 368 1995 cum
390 1960 498 2013 post
521 1961 708 2015 tempus
730 1952 777 1996 in
803 1950 1308 2002 exterminiumtotale
1333 1950 1589 2008 concessit3
1617 1959 1661 1995 et

259 2042 312 2071 ea
337 2044 440 2089 quae
463 2038 596 2091 parta
618 2028 802 2074 fuerant
834 2028 1012 2092 oppida
1035 2028 1094 2075 ab
1120 2028 1321 2090 Anglicis
1352 2026 1662 2090 postmodum

260 2113 532 2166 recuperata
558 2104 746 2150 fuerunt
766 2121 875 2150 cum
899 2105 1041 2150 totius
1064 2105 1226 2169 patriae
1244 2102 1500 2149 miserabili
1523 2103 1664 2149 vasti—

262 2188 353 2225 tate
378 2197 386 2224 :
419 2180 477 2226 de
500 2197 596 2243 quo
620 2181 666 2227 in
692 2181 1013 2245 superioribus
1040 2182 1304 2245 pleniorem
1340 2181 1533 2227 fecimus
1555 2197 1662 2226 nar-

264 2257 496 2302 rationem
514 2260 541 2301 ¹.

327 2333 590 2380 Laudantes
625 2335 764 2397 igitur
788 2335 960 2380 militiae
995 2334 1164 2392 duces,
1204 2335 1284 2397 qui
1314 2344 1415 2380 turn
1440 2334 1662 2395 aderant,

264 2418 309 2454 et
330 2419 554 2473 tanquam
574 2410 711 2457 fidele
742 2427 795 2458 ac
822 2412 1020 2475 perutile
1045 2411 1256 2473 ejusdem
1280 2410 1489 2474 praesulis
1516 2411 1667 2456 consi-

264 2486 379 2530 lium
403 2487 752 2550 amplectentes,
770 2488 894 2534 illico
911 2488 970 2534 ad
989 2488 1105 2533 illud
1128 2487 1524 2533 innotescendum
1543 2488 1664 2550 regi,

266 2579 375 2608 cum
389 2563 460 2609 his
484 2581 586 2627 quae
603 2564 794 2610 feliciter
809 2564 985 2610 eisdem
1006 2566 1350 2627 provenissent,
1375 2565 1670 2610 destinarunt

268 2640 327 2685 ad
347 2641 500 2704 ipsum
524 2640 736 2705 praefatos
760 2641 981 2687 dominos
1001 2641 1059 2687 de
1077 2645 1316 2688 Gaucourt
1334 2651 1379 2688 et
1393 2642 1451 2688 de
1475 2642 1666 2699 Calanfl,

324 2822 361 2857 1.
394 2820 520 2867 Voyez
539 2817 721 2855 ci-dessus
737 2848 746 2866 ,
768 2831 807 2869 p.
832 2819 901 2855 111
928 2826 964 2855 et
983 2816 1081 2854 suiv.

325 2879 362 2914 2.
398 2879 532 2913 Calpas
553 2876 645 2915 dans
664 2876 699 2915 le
720 2876 937 2915 manuscrit.
962 2878 1087 2926 Voyez
1105 2873 1288 2913 ci—dessus
1306 2902 1316 2922 ,
1337 2887 1376 2925 p.
1397 2875 1487 2911 0216.
