2037 3442
742 382 883 417 LIBER
911 380 1151 426 QUARTUS.
1580 381 1620 416 21
1633 381 1655 415 5

258 461 385 507 villas
411 462 482 507 vel
515 461 651 507 silvas
673 461 762 507 hac
795 471 933 524 atque
965 461 1070 508 illac
1094 461 1394 523 confugerat,
1423 477 1522 507 sese
1544 461 1656 507 effu-

256 539 403 584 derat.
454 540 547 595 Qui
592 540 675 585 etsi
717 555 881 585 omnes
926 539 984 584 ad
1036 539 1384 585 defendendam
1423 540 1657 585 civitatem

256 616 439 660 animos
462 615 801 679 applicassent,
829 624 924 660 tam
942 616 1094 660 tenuis
1124 626 1281 661 tamen
1307 626 1405 663 erat
1427 616 1520 661 loci
1552 633 1659 662 mu-

256 691 399 750 nitio,
435 700 479 736 et
508 701 603 737 tam
636 691 817 738 validus
850 700 895 737 et
928 699 1121 754 potens,
1163 692 1245 753 qui
1276 691 1437 737 aderat
1468 692 1528 738 ad
1556 709 1659 738 eam

257 769 644 832 expugnandam,
673 769 924 826 exercitus,
952 767 1109 830 quod,
1135 767 1305 831 procul
1326 767 1474 813 dubio
1494 806 1505 825 ,
1531 769 1661 814 nulla

258 843 317 889 ad
343 843 667 891 obsistendum
691 854 737 891 et
760 843 1087 890 reluctandum
1103 881 1115 899 ,
1142 860 1239 889 non
1268 843 1414 890 modo
1440 844 1658 904 facultaS,

258 921 340 966 sed
378 938 466 967 nec
503 922 777 986 apparentia
811 920 966 983 aliqua
1000 930 1122 979 erat,
1158 937 1253 984 qua
1299 920 1347 966 id
1380 919 1480 966 fieri
1523 937 1662 984 posse

259 998 492 1045 ullatenus
515 999 690 1063 sperari
714 998 991 1044 debuisset¹.

693 1201 1031 1246 CAPITULUM
1064 1201 1225 1244 XVIII.

312 1326 505 1361 Consilium
533 1327 629 1373 quod
659 1326 782 1362 Franci
807 1327 844 1360 in
871 1326 1007 1361 civitate
1035 1327 1242 1361 Lexoviensi
1273 1335 1483 1373 acceperunt
1507 1339 1611 1373 super

795 1386 940 1422 ulterius
963 1386 1119 1433 agendis.

322 1512 459 1557 Facta
483 1520 639 1558 autem
662 1511 860 1557 civitatis
883 1510 1126 1556 deditione
1146 1547 1155 1567 ,
1183 1509 1352 1555 eodem
1376 1525 1528 1573 prope
1560 1509 1661 1566 die,

257 1604 342 1651 per
364 1588 548 1634 diversa
577 1589 682 1634 loca
706 1587 940 1645 dioecesiS,
968 1585 1049 1632 ubi
1074 1586 1231 1648 aliqua
1253 1586 1439 1632 castella
1467 1586 1540 1631 vel
1566 1603 1667 1632 mu-

257 1665 462 1710 nitiones
497 1665 754 1727 Anglorum
792 1673 948 1723 erant,
980 1663 1345 1709 adventantibus
1377 1667 1666 1709 Francorum

258 1742 546 1805 agminibus,
568 1758 734 1788 omnes
757 1740 1087 1803 hujuscemodi
1115 1741 1404 1786 munitiones
1432 1755 1529 1785 una
1557 1756 1667 1785 cum

258 1820 445 1865 civitate
469 1828 666 1882 receptae
682 1828 809 1875 sunt,
833 1834 881 1863 se
896 1817 1154 1881 expugnari
1175 1817 1372 1862 minime
1396 1824 1668 1879 exspectan-

260 1907 344 1943 tes.
373 1897 479 1943 Tria
502 1907 660 1943 autem
684 1895 925 1942 dumtaxat
950 1894 1054 1939 loca
1086 1892 1144 1939 de
1177 1903 1277 1940 tota
1298 1893 1375 1939 illa
1400 1892 1587 1939 dioecesi
1619 1892 1665 1936 in

313 2061 330 2095 1
343 2090 351 2099 .
381 2058 629 2109 Rapprocher
652 2058 699 2096 de
719 2071 762 2096 ce
780 2058 874 2096 recit
892 2056 990 2095 celui
1007 2070 1082 2108 que
1101 2058 1182 2107 fait,
1209 2058 1302 2096 dans
1323 2072 1398 2096 une
1424 2059 1535 2095 lettre
1558 2055 1667 2093 datee

260 2119 311 2155 du
341 2120 391 2154 25
421 2117 635 2166 septembre
664 2120 765 2154 1449
782 2146 792 2164 ‚
816 2117 1032 2154 Guillaume
1059 2118 1259 2164 Cousinot,
1292 2119 1357 2168 qui
1380 2115 1667 2167 accompagnait

258 2177 413 2214 l'armee
432 2177 615 2226 francaise
634 2178 864 2225 (Thesaurus
880 2179 1154 2224 anecdotorum,
1176 2186 1203 2215 t.
1224 2182 1258 2225 I,
1277 2178 1350 2216 col.
1372 2179 1502 2225 1817),
1525 2184 1562 2212 et
1585 2188 1668 2211 sur-

260 2245 340 2273 tout
373 2236 410 2273 la
432 2235 625 2272 narration
652 2235 698 2273 de
717 2235 863 2273 Robert
883 2235 1043 2273 Blondel
1060 2265 1069 2282 ‚
1087 2236 1235 2273 inseree
1255 2236 1376 2287 parmi
1402 2236 1456 2273 les
1475 2234 1600 2285 pieces
1620 2233 1667 2269 de

259 2305 367 2333 notre
386 2297 574 2333 troisieme
593 2296 762 2336 volume.
778 2300 830 2334 M.
848 2296 894 2333 de
912 2299 966 2333 La
983 2299 1095 2333 Porte
1116 2296 1167 2332 du
1183 2296 1288 2333 Theil
1306 2309 1327 2332 a
1349 2295 1415 2332 fait
1433 2307 1498 2331 sur
1517 2306 1559 2330 ce
1578 2292 1668 2328 cha-

259 2355 359 2405 pitre
390 2368 465 2392 une
494 2355 680 2392 reflexion
712 2355 778 2404 qui
798 2354 930 2392 merite
965 2354 1085 2392 d’etre
1115 2355 1317 2404 rapporte'e
1344 2369 1351 2390 :
1380 2355 1529 2390 «Notre
1551 2351 1669 2387 histo-

260 2417 339 2453 rien
359 2416 446 2465 (qui
465 2416 554 2452 etait
575 2429 673 2466 pour
689 2415 744 2452 lui
762 2414 1018 2466 Amelgard),
1040 2427 1188 2451 comme
1212 2413 1265 2450 les
1289 2421 1431 2458 autres,
1453 2411 1603 2462 pai-lant
1622 2410 1668 2446 de

259 2474 295 2511 la
314 2473 503 2511 reddition
525 2474 571 2510 de
588 2474 742 2511 Lisieux
756 2503 765 2519 ‚
787 2486 836 2510 en
859 2474 924 2510 fait
941 2473 1119 2510 honneur
1146 2474 1165 2508 a
1191 2472 1227 2508 la
1247 2485 1397 2522 sagesse
1418 2479 1454 2508 et
1474 2473 1494 2507 31
1518 2470 1553 2507 la
1573 2483 1668 2520 pru-

260 2533 379 2570 dence
397 2533 444 2569 de
464 2533 655 2582 l’eveque,
674 2532 836 2569 Thomas
856 2531 982 2569 Basin.
1005 2534 1099 2568 Sans
1118 2531 1270 2567 vouloii·
1285 2531 1476 2567 diminuer
1496 2530 1533 2567 la
1552 2529 1668 2578 re'pu-

260 2592 377 2628 tation
406 2592 496 2642 qu'a
519 2592 652 2628 laissee
679 2605 722 2628 ce
747 2590 894 2640 prelat‚
915 2590 954 2637 je
981 2589 1038 2626 dis
1062 2590 1334 2641 qu'Amelgard
1357 2592 1422 2627 eut
1444 2603 1495 2640 pu
1522 2589 1669 2636 ajouter

259 2664 333 2700 que
354 2658 449 2687 cette
468 2649 707 2701 negociation
724 2662 773 2685 ne
793 2649 849 2685 fut
869 2661 937 2698 pas
957 2647 1220 2685 insi-uctueuse
1236 2662 1334 2698 pour
1353 2647 1667 2699 l'augmentation

260 2710 325 2747 des
350 2709 467 2746 droits
488 2710 718 2760 cpiscopaux
735 2738 744 2755 ,
767 2721 915 2745 comme
935 2722 984 2746 on
1007 2717 1097 2758 peut
1118 2711 1197 2745 s'en
1223 2708 1450 2745 convaincre
1479 2721 1526 2744 en
1556 2708 1670 2744 lisant

259 2769 419 2807 l’article
455 2770 520 2819 qui
557 2781 744 2806 concerne
777 2776 837 2804 cet
869 2767 1016 2816 eveque
1048 2767 1140 2804 dans
1168 2766 1203 2803 le
1239 2769 1366 2803 Gallia
1391 2768 1622 2805 Christiana.
1650 2782 1667 2798 υ

261 2831 409 2866 Notices
428 2837 463 2865 et
483 2831 657 2865 Excraits
679 2829 744 2864 des
763 2828 1004 2871 manuscrits,
1026 2834 1052 2866 t.
1079 2829 1115 2873 1,
1138 2839 1175 2876 p.
1200 2828 1291 2864 429.
