2037 3442
770 291 915 329 LIBER
942 292 1171 340 QUINTUS.
1610 296 1683 332 315

280 374 567 436 postulatus,
600 374 647 419 in
677 390 912 420 carcerem
946 376 1114 422 missus
1146 385 1216 421 est
1238 378 1249 399 ¹
1275 391 1329 422 ac
1358 375 1441 423 diu
1468 376 1685 424 detentus

279 467 334 496 ac
358 461 565 496 servatus
588 451 636 496 in
657 461 809 496 castro
834 452 893 496 de
914 455 1144 515 Liris-Ignea
1167 454 1422 500 1‘ictaviae2.
1451 454 1520 500 Ad
1543 471 1684 517 quem

278 527 464 584 locum,
502 544 589 590 pro
626 529 769 589 ipsius
804 544 1027 590 processu
1064 539 1109 574 et
1143 530 1567 591 condemnatione,
1606 548 1686 576 rex

278 620 503 666 magnum
538 604 871 648 consistorium
903 606 915 626 ³
950 607 1230 651 convocavit
1269 607 1433 669 (quod
1469 608 1686 654 nonnulli

277 680 448 725 solium
492 697 574 726 seu
622 680 826 740 lectum,
868 681 942 727 vel
986 691 1144 727 torum
1177 684 1364 744 justitiae
1403 685 1545 746 vulgo
1593 686 1686 732 diei

277 756 495 819 volunt),
518 758 566 802 in
590 774 686 820 quo
702 795 714 818 ,
738 757 980 803 submissis
1004 758 1318 819 delatoribus,
1352 761 1435 822 qui
1465 761 1686 807 eumdem

277 835 593 896 argentarium
626 844 901 880 accusarent
933 835 1064 897 quod
1096 836 1143 880 in
1175 836 1270 881 suis
1295 836 1451 897 galleis
1483 853 1612 883 arma
1643 848 1690 884 et

278 926 455 957 merces
483 910 743 975 prohibitas
765 911 825 956 ad
851 911 1064 957 infideles
1090 911 1356 972 detulisset,
1384 913 1522 958 simul
1547 914 1687 958 etiam

277 988 647 1051 repetundarum
682 1006 788 1034 reus
822 989 1164 1052 postulabatur,
1201 1000 1246 1035 et
1275 990 1405 1053 quod
1436 991 1688 1037 nonnullas

277 1066 500 1128 pecunias
535 1066 582 1111 in
621 1066 771 1129 patria
807 1066 1078 1125 Occitana‘g
1114 1065 1196 1111 ubi
1231 1066 1686 1114 administrationem

275 1141 453 1205 largam
485 1141 736 1201 habuerat,
772 1142 931 1188 illicite
969 1159 1023 1188 ac
1060 1143 1221 1188 furtim
1258 1160 1284 1189 a
1319 1144 1688 1207 provincialibus

277 1220 560 1266 extorsisset.
611 1219 685 1265 Oh
720 1237 822 1283 quae
850 1229 895 1266 et
928 1220 1159 1266 nonnulla
1192 1220 1305 1279 alia,
1344 1238 1448 1284 quae
1483 1221 1689 1269 conficta

275 1294 335 1341 ab
365 1296 541 1342 aemulis
568 1297 725 1360 potius
752 1314 896 1360 quam
917 1313 1027 1343 vera
1054 1313 1080 1342 a
1100 1297 1316 1361 plurimis
1342 1298 1684 1356 credebantur,

275 1372 418 1418 tacito
455 1373 684 1420 veneficio
724 1374 951 1438 praedicto
976 1409 989 1431 ‚
1025 1373 1468 1422 condemnatoriam
1498 1385 1686 1422 senten-

275 1448 390 1494 tiam
412 1450 688 1513 reportavit.

340 1528 459 1571 Cum
493 1536 650 1572 autem
683 1525 765 1572 diu
794 1527 843 1571 in
874 1525 1001 1572 dicto
1027 1537 1180 1573 castro
1211 1527 1370 1574 fuisset
1398 1538 1682 1587 asservatUS,

274 1603 491 1662 tandem,
526 1614 750 1668 corrupta
778 1604 1021 1664 custodia,
1056 1604 1167 1667 fuga
1191 1606 1363 1663 evasit,
1402 1593 1688 1651 et‘diversas

274 1681 323 1726 in
353 1680 545 1726 diversis
574 1683 706 1743 regni
740 1681 955 1745 partibus
988 1681 1206 1728 ecclesias
1234 1683 1495 1745 ingressus,
1527 1700 1688 1729 conse-

274 1758 474 1822 quendae
508 1759 818 1805 immunitatis
856 1775 1024 1818 causa,
1064 1760 1256 1806 tandem
1292 1760 1540 1822 cujusdam
1571 1777 1686 1806 con-

274 1846 441 1883 ventus
485 1839 699 1881 Fratrum
740 1837 980 1882 Minorum
1032 1837 1080 1882 in
1126 1837 1498 1897 Bello-Quadro‚
1546 1854 1687 1902 supra

274 1913 400 1975 ripas
420 1912 636 1959 Rhodani
654 1914 684 1970 ⁵,
704 1913 812 1958 satis
837 1912 918 1958 diu
944 1913 1104 1960 accola
1129 1914 1235 1971 fuit,
1261 1924 1307 1960 et
1330 1914 1473 1973 inibi,
1503 1915 1688 1961 vinctus

276 1989 435 2034 ferreis
466 1988 802 2052 compedibus,
837 1990 1116 2036 custoditus.
1156 1991 1248 2036 Sed
1284 2008 1394 2036 cum
1430 1992 1686 2054 quemdam

276 2066 364 2112 sibi
383 2065 707 2112 fidelissimum
730 2068 1008 2114 servitorem
1026 2067 1291 2128 habuisset,
1318 2078 1364 2113 et
1386 2068 1540 2131 ipsum
1566 2069 1688 2115 Bitu-

276 2145 534 2202 ricensem‚
561 2143 866 2192 Guillelmum
899 2147 1044 2192 Varie
1067 2134 1405 2205 nominatum⁶‚
1432 2144 1561 2191 idem
1583 2161 1685 2191 ser-

332 2303 368 2337 1.
398 2300 520 2351 Apres
539 2313 608 2338 son
626 2299 851 2337 arrestation
868 2301 888 2336 a
908 2298 1170 2349 Taillebourg,
1191 2298 1227 2336 le
1248 2300 1291 2336 31
1306 2297 1431 2346 juillet
1446 2298 1564 2335 1451.

398 2363 451 2397 Le
470 2359 630 2397 chateau
646 2359 694 2396 de
708 2358 900 2410 Lusignan
915 2387 925 2406 ‚
951 2372 999 2396 en
1017 2358 1164 2397 Poitou.

360 2448 368 2457 .
400 2422 456 2456 En
476 2419 552 2457 mai
573 2422 690 2459 1453.

361 2507 367 2514 .
399 2481 501 2516 Dans
519 2479 555 2516 le
573 2492 666 2529 pays
684 2478 732 2516 de
749 2476 992 2527 Langucdoc.

360 2568 367 2575 .
400 2538 605 2575 Beaucaire
624 2552 689 2575 sur
707 2538 742 2575 le
761 2538 909 2576 Rhene.

331 2600 367 2634 6.
399 2600 581 2635 L’auteur
612 2597 776 2634 confond
809 2597 857 2634 ici
886 2596 987 2634 deux
1011 2608 1270 2648 personnages
1295 2596 1361 2646 qui
1389 2595 1686 2647 s’ernployerent

277 2661 298 2695 ἱι
323 2658 358 2694 la
383 2657 600 2694 delivrance
626 2656 672 2694 de
692 2660 854 2706 Jacques
875 2659 1002 2704 Coeur,
1022 2656 1239 2694 Guillaume
1260 2655 1306 2694 de
1325 2659 1447 2706 Varye
1471 2664 1508 2693 et
1524 2659 1619 2692 Jean
1637 2656 1683 2692 de

276 2716 436 2767 Village.
459 2718 558 2754 C’est
576 2719 670 2753 Jean
690 2716 737 2753 de
756 2716 901 2767 Village
918 2716 984 2766 qui
1003 2716 1093 2753 ctait
1110 2716 1209 2753 natis
1221 2715 1268 2753 de
1286 2718 1457 2765 Bourges
1474 2715 1591 2764 etqui
1611 2714 1683 2751 alla

276 2776 443 2827 prendre
475 2778 496 2813 J
500 2789 637 2826 aeques
670 2777 782 2814 Coeur
815 2789 892 2814 aux
934 2776 1148 2815 Cordeliers
1181 2775 1228 2814 de
1266 2775 1486 2814 Beaucaire.
1524 2774 1615 2811 Voir
1648 2774 1683 2810 la

329 2362 367 2457 0030

345 2603 351 2610 .
331 2542 353 2576 et
330 2481 352 2515 ‚tm
