2037 3442
751 324 891 358 LIBER
921 325 1143 369 QUINTUS.
1570 324 1643 358 247

681 546 867 594 LIBER
925 547 1228 602 QUINTUS.

643 805 710 847 CA
720 804 974 846 PthJLUM
1012 803 1257 846 PRIMUM.

281 921 332 952 De
349 921 460 965 prima
478 920 696 965 expeditione
714 920 924 965 Aquitaniae,
947 928 977 953 et
990 919 1136 964 qualiter
1152 932 1193 953 ex
1210 927 1280 952 tota
1294 918 1475 963 Aquitania
1491 917 1625 963 depulsi

821 987 901 1011 sunt
920 978 1071 1023 Anglici.

319 1084 653 1128 Consummata
696 1082 1050 1144 recuperatione
1083 1079 1408 1135 Normanniae,
1437 1078 1497 1124 de
1529 1095 1645 1141 qua,

253 1157 656 1219 quemadmodum
686 1158 803 1203 libro
830 1158 1068 1220 superiore
1097 1156 1294 1202 relatum
1327 1164 1394 1200 est
1425 1171 1451 1200 a
1485 1155 1644 1214 nobis,

258 1233 426 1292 Anglici
450 1234 569 1295 pulsi
587 1234 812 1294 ejectique
831 1233 979 1289 fuere,
1007 1241 1160 1277 tantus
1183 1230 1435 1291 Anglorum
1462 1240 1647 1292 gentem

252 1322 494 1351 armorum
526 1309 823 1369 nominisque
855 1307 1017 1352 Gallici
1052 1316 1203 1351 terror
1232 1305 1420 1361 invasit,
1457 1315 1505 1349 ut
1538 1321 1648 1368 pro-

251 1381 397 1441 fecto,
422 1383 457 1427 si
475 1383 533 1428 ad
554 1382 919 1446 expugnandum
940 1382 1170 1445 oppidum
1190 1381 1354 1426 Calesii
1374 1380 1473 1426 sine
1496 1396 1648 1425 remo-

250 1457 432 1502 ratione
465 1474 517 1502 ac
552 1459 774 1503 dilatione
807 1462 1092 1504 Francorum
1124 1474 1228 1516 rex,
1264 1473 1361 1501 non
1394 1456 1647 1501 obsistente

253 1533 641 1593 Burgundionum
664 1534 783 1579 duce
799 1570 810 1591 ,
833 1549 940 1578 suas
960 1534 1118 1596 copias
1141 1532 1423 1578 admovisset
1442 1567 1453 1589 ,
1471 1531 1648 1593 absque

250 1625 421 1670 magno
462 1618 507 1653 et
549 1608 724 1654 difficili
756 1610 946 1671 negotio
987 1609 1032 1654 id
1068 1619 1168 1654 tum
1200 1608 1391 1653 feliciter
1425 1607 1648 1669 perficere

249 1685 493 1746 potuisset.
532 1685 830 1730 Adauxerant
873 1685 1000 1729 hunc
1048 1693 1225 1728 metum
1267 1699 1363 1727 non
1406 1682 1645 1728 modicum

248 1761 390 1806 duces
414 1777 466 1806 ac
491 1761 658 1806 milites
678 1762 961 1808 Nou-mannia
987 1761 1133 1824 pulsi,
1162 1760 1243 1821 qui
1268 1769 1364 1804 tam
1387 1758 1445 1804 ad
1470 1758 1647 1804 dictum

249 1836 412 1882 Calesii
446 1837 698 1900 oppidum,
734 1853 875 1897 quam
911 1837 957 1881 in
994 1836 1228 1897 Angliam,
1265 1835 1371 1879 victi
1403 1835 1647 1896 tristesque

248 1913 581 1973 migraverant3
604 1913 700 1974 qui,
728 1922 775 1957 ut
793 1913 932 1958 etiam
956 1911 1263 1973 ignominiam
1285 1926 1417 1955 suam
1439 1910 1647 1955 honestae

247 1988 524 2032 causationis
569 1989 829 2034 velamento
869 1988 1167 2049 obtegerent,
1216 2004 1312 2031 non
1364 1986 1506 2030 modo
1543 2001 1645 2047 quae

247 2072 379 2107 erant
427 2064 545 2124 regis
594 2067 880 2109 Francorum
929 2064 1094 2124 suique
1145 2063 1372 2108 exercitus
1424 2062 1544 2106 vires
1591 2077 1645 2105 ac

248 2137 495 2193 fortitudo,
528 2153 629 2198 quae
650 2139 873 2200 sapientia
905 2149 950 2184 et
986 2139 1306 2200 providentia,
1341 2137 1568 2181 industria
1601 2146 1643 2180 et

250 2213 631 2273 magnanimitas,
670 2214 955 2272 referebant,
992 2214 1073 2259 sed
1106 2215 1318 2259 maximis
1357 2213 1496 2258 etiam
1534 2228 1645 2274 prae-

247 2288 393 2333 coniis
427 2297 472 2333 et
502 2289 890 2334 admirationibus
920 2290 1204 2346 attollendo,
1242 2305 1295 2334 ea
1325 2290 1468 2352 pluris
1501 2305 1643 2350 quam

247 2373 400 2409 essent
447 2364 576 2410 facile
622 2364 867 2410 faciebant.
920 2366 1102 2421 Quibus
1148 2366 1349 2411 exterriti
1388 2365 1643 2411 nuntiatio-

248 2441 411 2499 nibus,
447 2441 495 2486 hi
536 2442 616 2503 qui
663 2441 991 2503 locupletiores
1035 2452 1168 2488 erant
1212 2443 1257 2486 in
1306 2442 1431 2486 dicto
1480 2443 1645 2489 Calesii

247 2517 442 2578 oppido,
472 2527 565 2562 tam
587 2517 914 2578 negotiatores,
939 2534 1079 2579 quam
1106 2517 1367 2562 absentium
1387 2518 1640 2576 institores,

248 2608 422 2637 merces
446 2609 550 2637 suas
575 2603 619 2637 et
643 2609 836 2637 suorum
869 2593 1200 2650 dominorum,
1228 2610 1342 2655 quas
1374 2593 1464 2639 illic
1498 2610 1643 2656 nego-

247 2667 391 2713 tiandi
410 2684 547 2713 causa
565 2667 864 2726 advexerant,
886 2678 1194 2732 properanter
1216 2679 1262 2714 et
1281 2669 1481 2728 concite,
1509 2670 1644 2716 valde

245 2743 303 2788 de
338 2744 516 2806 oppido
548 2753 593 2789 et
625 2744 723 2805 ejus
757 2745 1031 2790 defensione
1064 2744 1350 2803 diffidentes,
1386 2745 1446 2803 si,
1485 2746 1644 2808 utique
