2142 3473
449 325 471 359 6
817 314 1161 353 HISTORIARUM
1190 313 1370 351 CAROLI
1397 315 1469 351 VII

448 416 597 457 mam,
621 414 725 461 quae
753 407 800 443 et
821 397 947 460 ipsa,
978 405 1030 441 ut
1053 395 1286 458 pleraeque
1308 394 1509 440 foeminae
1539 395 1748 455 nobiles,
1772 395 1851 440 alti

447 489 493 525 et
525 475 682 538 magni
717 473 862 519 animi
896 480 1023 528 erat,
1050 472 1247 535 contigit
1271 471 1478 534 quadam
1512 473 1636 531 vice,
1666 472 1781 518 dum
1804 473 1852 517 in

447 553 620 618 palatio
641 550 782 615 regali
804 549 991 596 choreis
1012 558 1058 594 et
1079 549 1298 608 lasciviis,
1319 549 1566 595 nocturnis
1585 550 1683 612 jam
1703 549 1850 608 horis,

447 631 604 697 plures
634 641 731 677 tam
753 629 841 675 viri
861 643 1006 691 quam
1028 626 1231 673 foeminae
1253 642 1507 690 procerum
1536 643 1590 673 ac
1620 626 1856 673 nobilium

449 727 506 757 ex
526 724 660 755 more
684 723 783 753 sese
807 714 1094 765 recrearent,
1119 714 1171 750 ut
1192 703 1597 750 Aurelianensium
1619 704 1733 765 dux,
1754 705 1853 768 qui,

447 796 500 833 ut
531 785 640 832 satis
671 783 906 830 famosum
936 790 1049 827 tunc
1082 780 1366 839 habebatur,
1396 780 1457 826 ad
1486 797 1678 827 omnem
1710 781 1856 828 ferme

449 863 841 929 speciosissimam
864 859 1110 906 mulierem
1125 893 1137 916 ,
1163 857 1293 904 velut
1312 874 1462 921 equus
1485 857 1653 921 aliquis
1674 858 1859 904 emissa-

449 942 547 987 rius
567 937 898 995 adhinniebat,
916 937 964 982 in
988 934 1201 999 quodam
1224 934 1386 980 abdito
1407 934 1584 998 palatii,
1608 934 1754 998 ipsius
1771 933 1859 980 do-

452 1018 591 1063 minae
609 1015 813 1077 vestigiis
828 1013 1091 1069 insidiatus,
1112 1022 1181 1072 et,
1209 1021 1261 1057 ut
1282 1028 1367 1058 sua
1388 1012 1699 1058 aestimatione
1720 1028 1861 1075 repu-

452 1094 607 1153 tabat,
629 1093 722 1139 loci
738 1108 792 1138 ac
809 1091 1036 1155 temporis
1055 1089 1462 1154 opportunitatem
1479 1099 1663 1149 nactus,
1681 1104 1786 1135 eam
1803 1089 1861 1135 de

453 1180 618 1234 stupro
654 1185 736 1214 seu
777 1167 1009 1214 adulterio
1053 1166 1330 1213 sollicitarit.
1369 1165 1456 1211 Cui
1493 1165 1654 1211 sceleri
1688 1182 1861 1228 magno

453 1247 614 1294 animo
646 1245 877 1291 resistenti
902 1244 997 1290 vim
1022 1243 1163 1290 etiam
1193 1242 1365 1288 inferre
1390 1251 1618 1289 attentare
1645 1258 1863 1306 praesum-

458 1323 587 1387 psit¹.
603 1324 759 1378 Quam
773 1320 993 1384 injuriam
1012 1336 1131 1383 aegre
1148 1320 1288 1364 nimis
1304 1328 1349 1365 et
1371 1319 1507 1364 anxie
1524 1318 1694 1377 ferens,
1714 1328 1765 1363 ut
1786 1334 1864 1380 ge-

457 1416 625 1448 nerosa
647 1410 788 1463 atque
821 1398 1124 1461 magnanima
1155 1396 1376 1455 domina,
1402 1396 1584 1460 optimo
1610 1405 1656 1442 et
1682 1394 1867 1441 ardenti

459 1495 621 1526 amore
641 1479 742 1525 viro
762 1493 849 1523 suo
867 1475 1148 1538 conjuncta,
1166 1475 1213 1520 vi
1230 1475 1415 1539 repulsa
1434 1483 1480 1520 et
1496 1472 1702 1519 nefando
1723 1473 1867 1536 ipsius

460 1555 660 1602 adulteri
683 1553 936 1600 conamine
959 1551 1182 1616 depulso,
1211 1568 1258 1597 se
1280 1551 1382 1596 viro
1407 1567 1492 1596 suo
1516 1550 1732 1614 protinus
1756 1565 1868 1611 que-

461 1632 609 1679 relam
631 1631 860 1677 facturam
884 1629 943 1675 de
966 1639 1095 1676 tanta
1118 1628 1288 1691 injuria
1305 1628 1592 1674 comminata
1615 1636 1708 1683 est;
1737 1624 1867 1688 quod

464 1719 511 1755 et
544 1709 696 1755 facere
726 1724 826 1753 non
861 1707 1093 1752 obmisit².
1119 1707 1202 1752 Vir
1231 1715 1387 1752 autem
1416 1706 1541 1768 ejus,
1579 1704 1661 1768 qui
1697 1713 1743 1749 et
1771 1703 1868 1767 ipse

458 1786 644 1850 juvenis
667 1784 845 1848 (adhuc
869 1786 996 1830 enim
1020 1783 1115 1829 dux
1139 1783 1385 1848 Philippus
1414 1793 1547 1847 pater
1569 1782 1714 1846 ipsius
1734 1781 1869 1827 vive-

464 1862 564 1926 bat)
580 1872 626 1908 et
645 1861 973 1923 magnanimus
995 1869 1120 1921 erat,
1141 1869 1187 1906 et
1207 1861 1289 1923 qui
1308 1876 1407 1905 non
1428 1860 1658 1923 imparem
1681 1858 1869 1920 conjugi

466 1956 560 1987 suae
604 1938 797 1985 referret
833 1953 1068 1996 amorem,
1107 1936 1282 1983 mirum
1323 1936 1371 1981 in
1409 1934 1610 1981 modum
1647 1933 1871 1980 adversus

466 2015 709 2081 praelatum
745 2013 1068 2077 injuriatorem
1099 2012 1146 2057 in
1177 2012 1295 2058 iram
1319 2021 1459 2074 atque
1482 2011 1647 2057 odium
1677 2010 1868 2069 exarsit,

467 2093 657 2156 conjugi
676 2108 769 2138 suae
794 2107 967 2155 magno
987 2099 1282 2136 sacramento
1309 2088 1567 2152 pollicitus,
1595 2086 1726 2150 quod
1749 2087 1873 2133 hanc

521 2271 538 2306 1
551 2299 559 2307 .
589 2269 765 2304 D’autres
783 2264 904 2303 bruits
928 2273 994 2302 ont
1016 2276 1135 2301 couru
1156 2260 1221 2301 sur
1239 2264 1275 2301 13
1288 2275 1399 2301 cause
1419 2263 1467 2301 de
1482 2263 1519 2301 la
1537 2262 1652 2300 haine
1670 2262 1723 2300 du
1741 2262 1814 2300 duc
1828 2262 1874 2300 de

467 2332 694 2378 Bourgogne
712 2338 809 2376 pour
828 2325 865 2362 le
879 2323 951 2361 duc
966 2323 1177 2361 d’Orleans.
1204 2322 1380 2370 Celui-ci,
1401 2323 1552 2374 d'apres
1570 2335 1646 2360 une
1665 2322 1875 2372 chronique

466 2389 514 2425 de
532 2386 696 2425 Flandre
713 2384 957 2430 manuscrste,
980 2383 1103 2421 aurait
1120 2383 1293 2420 soufssete
1311 2385 1404 2420 Jean
1425 2396 1510 2421 sans
1531 2385 1632 2420 Pcur
1651 2382 1793 2420 devant
1807 2395 1874 2419 son

467 2448 558 2498 pere
585 2462 592 2483 ε
623 2464 639 2479 «
666 2454 703 2483 et
718 2445 795 2482 lors
814 2445 881 2493 luy
903 2444 960 2481 fut
980 2443 1035 2480 dit
1054 2455 1128 2492 que
1146 2455 1188 2479 ce
1211 2442 1325 2479 seroit
1344 2455 1419 2480 une
1438 2441 1633 2480 mauvaise
1653 2440 1759 2478 huffe
1778 2452 1876 2490 pour

467 2507 532 2557 luy
545 2505 611 2556 qui
630 2504 762 2542 l⁷avoit
781 2503 920 2541 donne.
947 2520 964 2536 »
986 2502 1076 2539 Voir
1094 2514 1136 2538 ce
1150 2513 1307 2552 passage
1322 2509 1359 2537 et
1377 2500 1543 2538 d'autres
1564 2499 1792 2550 hypotheses
1812 2510 1877 2534 sur

466 2565 502 2603 le
525 2566 646 2601 meme
666 2563 762 2611 sujet
784 2563 877 2600 dans
900 2562 1092 2600 l'Histoire
1117 2563 1163 2597 de
1188 2562 1352 2598 Flandre
1371 2559 1417 2597 de
1445 2562 1503 2597 M.=
1530 2562 1693 2609 Kervyn
1722 2557 1769 2595 de
1789 2560 1875 2594 Let-

467 2623 634 2662 tenhove
651 2652 660 2669 ,
684 2622 750 2659 liv.
773 2625 881 2659 XIII.

522 2685 559 2719 2.
591 2684 688 2718 Tout
712 2694 754 2717 ce
771 2681 836 2729 qui
852 2679 1016 2730 precede
1031 2709 1040 2725 ,
1062 2681 1083 2716 a
1103 2679 1221 2729 partir
1243 2678 1289 2715 de
1308 2692 1387 2714 cam
1408 2685 1531 2713 autem
1550 2675 1725 2722 haberet,
1744 2682 1834 2717 etc.‚
1855 2685 1878 2709 a

469 2743 527 2780 ete
545 2741 617 2778 cite
637 2739 924 2776 textuellement
943 2751 1010 2788 par
1032 2741 1083 2775 M.
1106 2740 1164 2774 De
1187 2737 1224 2774 la
1242 2739 1354 2773 Porte
1376 2735 1428 2773 du
1445 2735 1551 2772 Theil
1576 2733 1669 2771 dans
1703 2745 1771 2769 son
1798 2730 1877 2767 me-

468 2801 588 2839 moire
605 2813 669 2838 sur
682 2797 900 2849 Amelgard.
918 2800 1065 2834 Notices
1074 2805 1109 2832 et
1123 2798 1295 2833 Extraits
1314 2797 1380 2832 des
1397 2797 1628 2840 manuscrits,
1640 2800 1668 2831 t.
1682 2794 1715 2841 Ι,
1726 2804 1765 2842 p.
1779 2791 1848 2826 411
1865 2817 1873 2826 .
