<?xml version="1.0" encoding="UTF-8"?>
<!DOCTYPE html PUBLIC "-//W3C//DTD XHTML 1.0 Transitional//EN"
    "http://www.w3.org/TR/xhtml1/DTD/xhtml1-transitional.dtd">
<html xmlns="http://www.w3.org/1999/xhtml" xml:lang="en" lang="en">
 <head>
  <title>
</title>
<meta http-equiv="Content-Type" content="text/html;charset=utf-8" />
  <meta name='ocr-system' content='tesseract 3.04.00' />
  <meta name='ocr-capabilities' content='ocr_page ocr_carea ocr_par ocr_line ocrx_word'/>
</head>
<body>
  <div class='ocr_page' id='page_1' title='image "./histoiredesrgn01basi_0472.png"; bbox 0 0 2037 3442; ppageno 0'>
   <div class='ocr_carea' id='block_1_1' title="bbox 354 329 1379 367">
    <p class='ocr_par' dir='ltr' id='par_1_1' title="bbox 354 329 1379 367">
     <span class='ocr_line' id='line_1_1' title="bbox 354 329 1379 367; baseline 0.003 -3"><span class='ocrx_word' id='word_1_1' title='bbox 354 331 425 364; x_wconf 75' lang='lat'>300</span> <span class='ocrx_word' id='word_1_2' title='bbox 736 329 1075 365; x_wconf 78' lang='lat' dir='ltr'>HISTORIARUM</span> <span class='ocrx_word' id='word_1_3' title='bbox 1104 331 1283 366; x_wconf 76' lang='lat' dir='ltr'>CAROLl</span> <span class='ocrx_word' id='word_1_4' title='bbox 1313 332 1379 367; x_wconf 70' lang='lat' dir='ltr'>VII</span> 
     </span>
    </p>
   </div>
   <div class='ocr_carea' id='block_1_2' title="bbox 793 508 1306 553">
    <p class='ocr_par' dir='ltr' id='par_1_2' title="bbox 793 508 1306 553">
     <span class='ocr_line' id='line_1_2' title="bbox 793 508 1306 553; baseline 0.004 -2"><span class='ocrx_word' id='word_1_5' title='bbox 793 508 1132 552; x_wconf 82' lang='lat' dir='ltr'><strong>CAPITULUM</strong></span> <span class='ocrx_word' id='word_1_6' title='bbox 1164 510 1306 553; x_wconf 79' lang='lat' dir='ltr'><strong>XVII.</strong></span> 
     </span>
    </p>
   </div>
   <div class='ocr_carea' id='block_1_3' title="bbox 405 637 1694 744">
    <p class='ocr_par' dir='ltr' id='par_1_3' title="bbox 405 637 1694 744">
     <span class='ocr_line' id='line_1_3' title="bbox 405 637 1694 686; baseline 0.004 -17"><span class='ocrx_word' id='word_1_7' title='bbox 405 637 561 680; x_wconf 77' lang='lat' dir='ltr'>Qualiter</span> <span class='ocrx_word' id='word_1_8' title='bbox 576 637 747 670; x_wconf 77' lang='lat' dir='ltr'>Henricus</span> <span class='ocrx_word' id='word_1_9' title='bbox 764 651 824 671; x_wconf 72' lang='lat' dir='ltr'>rex</span> <span class='ocrx_word' id='word_1_10' title='bbox 839 665 847 679; x_wconf 92' lang='lat'>‚</span> <span class='ocrx_word' id='word_1_11' title='bbox 864 639 975 672; x_wconf 83' lang='lat' dir='ltr'>victus</span> <span class='ocrx_word' id='word_1_12' title='bbox 992 639 1027 672; x_wconf 90' lang='lat' dir='ltr'>in</span> <span class='ocrx_word' id='word_1_13' title='bbox 1047 639 1149 673; x_wconf 81' lang='lat' dir='ltr'>tertio</span> <span class='ocrx_word' id='word_1_14' title='bbox 1167 640 1286 686; x_wconf 84' lang='lat' dir='ltr'>praelio</span> <span class='ocrx_word' id='word_1_15' title='bbox 1300 667 1309 682; x_wconf 90' lang='lat'>‚</span> <span class='ocrx_word' id='word_1_16' title='bbox 1324 640 1409 686; x_wconf 77' lang='lat' dir='ltr'>sugit</span> <span class='ocrx_word' id='word_1_17' title='bbox 1424 639 1459 673; x_wconf 87' lang='lat' dir='ltr'>in</span> <span class='ocrx_word' id='word_1_18' title='bbox 1474 640 1624 675; x_wconf 85' lang='lat' dir='ltr'>Scotiam</span> <span class='ocrx_word' id='word_1_19' title='bbox 1638 669 1644 686; x_wconf 85' lang='lat'><strong>‚</strong></span> <span class='ocrx_word' id='word_1_20' title='bbox 1663 646 1694 674; x_wconf 84' lang='lat' dir='ltr'>et</span> 
     </span>
     <span class='ocr_line' id='line_1_4' title="bbox 618 696 1491 744; baseline 0.003 -15"><span class='ocrx_word' id='word_1_21' title='bbox 618 696 802 730; x_wconf 82' lang='lat' dir='ltr'>Edoardus</span> <span class='ocrx_word' id='word_1_22' title='bbox 818 697 854 730; x_wconf 88' lang='lat' dir='ltr'>in</span> <span class='ocrx_word' id='word_1_23' title='bbox 872 698 1066 743; x_wconf 80' lang='lat' dir='ltr'>Anglorum</span> <span class='ocrx_word' id='word_1_24' title='bbox 1083 712 1197 744; x_wconf 69' lang='lat' dir='ltr'>regem</span> <span class='ocrx_word' id='word_1_25' title='bbox 1215 708 1263 732; x_wconf 83' lang='lat' dir='ltr'>est</span> <span class='ocrx_word' id='word_1_26' title='bbox 1276 699 1491 733; x_wconf 85' lang='lat' dir='ltr'>sublimatus.</span> 
     </span>
    </p>
   </div>
   <div class='ocr_carea' id='block_1_4' title="bbox 325 806 1776 2710">
    <p class='ocr_par' dir='ltr' id='par_1_4' title="bbox 325 806 1772 2472">
     <span class='ocr_line' id='line_1_5' title="bbox 421 806 1758 872; baseline 0.001 -22"><span class='ocrx_word' id='word_1_27' title='bbox 421 808 486 851; x_wconf 86' lang='lat' dir='ltr'>Ex</span> <span class='ocrx_word' id='word_1_28' title='bbox 516 806 664 851; x_wconf 81' lang='lat' dir='ltr'>tribus</span> <span class='ocrx_word' id='word_1_29' title='bbox 692 807 831 868; x_wconf 78' lang='lat' dir='ltr'>igitur</span> <span class='ocrx_word' id='word_1_30' title='bbox 863 808 1198 853; x_wconf 83' lang='lat' dir='ltr'>cruentissimis</span> <span class='ocrx_word' id='word_1_31' title='bbox 1223 808 1411 872; x_wconf 82' lang='lat' dir='ltr'>praeliis,</span> <span class='ocrx_word' id='word_1_32' title='bbox 1441 808 1614 870; x_wconf 83' lang='lat' dir='ltr'>quibus</span> <span class='ocrx_word' id='word_1_33' title='bbox 1637 807 1758 852; x_wconf 78' lang='lat' dir='ltr'>inter</span> 
     </span>
     <span class='ocr_line' id='line_1_6' title="bbox 354 884 1759 948; baseline 0 -20"><span class='ocrx_word' id='word_1_34' title='bbox 354 901 401 929; x_wconf 86' lang='lat' dir='ltr'>se</span> <span class='ocrx_word' id='word_1_35' title='bbox 430 884 558 945; x_wconf 74' lang='lat' dir='ltr'>Angli</span> <span class='ocrx_word' id='word_1_36' title='bbox 584 884 889 942; x_wconf 77' lang='lat' dir='ltr'>dimicarunt,</span> <span class='ocrx_word' id='word_1_37' title='bbox 917 886 1195 941; x_wconf 74' lang='lat' dir='ltr'>commissis,</span> <span class='ocrx_word' id='word_1_38' title='bbox 1232 885 1386 948; x_wconf 87' lang='lat' dir='ltr'>primo</span> <span class='ocrx_word' id='word_1_39' title='bbox 1417 885 1659 946; x_wconf 77' lang='lat' dir='ltr'>januari0,</span> <span class='ocrx_word' id='word_1_40' title='bbox 1689 901 1759 929; x_wconf 83' lang='lat' dir='ltr'>se-</span> 
     </span>
     <span class='ocr_line' id='line_1_7' title="bbox 355 961 1759 1024; baseline 0 -19"><span class='ocrx_word' id='word_1_41' title='bbox 355 962 513 1006; x_wconf 89' lang='lat' dir='ltr'>cundo</span> <span class='ocrx_word' id='word_1_42' title='bbox 543 961 803 1018; x_wconf 83' lang='lat' dir='ltr'>februario,</span> <span class='ocrx_word' id='word_1_43' title='bbox 831 972 876 1007; x_wconf 85' lang='lat' dir='ltr'>et</span> <span class='ocrx_word' id='word_1_44' title='bbox 913 963 1049 1007; x_wconf 84' lang='lat' dir='ltr'>tertio</span> <span class='ocrx_word' id='word_1_45' title='bbox 1081 963 1250 1007; x_wconf 80' lang='lat' dir='ltr'>martio</span> <span class='ocrx_word' id='word_1_46' title='bbox 1284 961 1523 1006; x_wconf 87' lang='lat' dir='ltr'>mensibus</span> <span class='ocrx_word' id='word_1_47' title='bbox 1548 962 1759 1024; x_wconf 85' lang='lat' dir='ltr'>proxime</span> 
     </span>
     <span class='ocr_line' id='line_1_8' title="bbox 325 1037 1760 1101; baseline 0 -19"><span class='ocrx_word' id='word_1_48' title='bbox 325 1066 328 1069; x_wconf 64' lang='grc'><strong><em>«</em></strong></span> <span class='ocrx_word' id='word_1_49' title='bbox 355 1037 690 1098; x_wconf 74' lang='lat' dir='ltr'>sequentibus,</span> <span class='ocrx_word' id='word_1_50' title='bbox 715 1039 761 1082; x_wconf 91' lang='lat' dir='ltr'>in</span> <span class='ocrx_word' id='word_1_51' title='bbox 788 1038 976 1084; x_wconf 82' lang='lat' dir='ltr'>duobus</span> <span class='ocrx_word' id='word_1_52' title='bbox 1000 1038 1238 1101; x_wconf 79' lang='lat' dir='ltr'>prioribus</span> <span class='ocrx_word' id='word_1_53' title='bbox 1274 1039 1502 1083; x_wconf 79' lang='lat' dir='ltr'>Henricus</span> <span class='ocrx_word' id='word_1_54' title='bbox 1525 1047 1569 1083; x_wconf 90' lang='lat' dir='ltr'>et</span> <span class='ocrx_word' id='word_1_55' title='bbox 1604 1038 1760 1098; x_wconf 80' lang='lat' dir='ltr'>regina</span> 
     </span>
     <span class='ocr_line' id='line_1_9' title="bbox 355 1115 1758 1177; baseline -0.001 -18"><span class='ocrx_word' id='word_1_56' title='bbox 355 1131 608 1177; x_wconf 84' lang='lat' dir='ltr'>prosperos</span> <span class='ocrx_word' id='word_1_57' title='bbox 632 1116 739 1160; x_wconf 82' lang='lat' dir='ltr'>satis</span> <span class='ocrx_word' id='word_1_58' title='bbox 759 1132 1000 1161; x_wconf 81' lang='lat' dir='ltr'>successus</span> <span class='ocrx_word' id='word_1_59' title='bbox 1030 1117 1341 1173; x_wconf 80' lang='lat' dir='ltr'>invenerunt,</span> <span class='ocrx_word' id='word_1_60' title='bbox 1370 1118 1416 1159; x_wconf 91' lang='lat' dir='ltr'>in</span> <span class='ocrx_word' id='word_1_61' title='bbox 1442 1115 1579 1160; x_wconf 78' lang='lat' dir='ltr'>tertio</span> <span class='ocrx_word' id='word_1_62' title='bbox 1604 1124 1758 1159; x_wconf 70' lang='lat' dir='ltr'>autem</span> 
     </span>
     <span class='ocr_line' id='line_1_10' title="bbox 355 1191 1760 1255; baseline 0 -21"><span class='ocrx_word' id='word_1_63' title='bbox 355 1191 541 1252; x_wconf 86' lang='lat' dir='ltr'>penitus</span> <span class='ocrx_word' id='word_1_64' title='bbox 565 1208 729 1237; x_wconf 81' lang='lat' dir='ltr'>eorum</span> <span class='ocrx_word' id='word_1_65' title='bbox 755 1209 827 1238; x_wconf 89' lang='lat' dir='ltr'>res</span> <span class='ocrx_word' id='word_1_66' title='bbox 857 1193 1073 1254; x_wconf 80' lang='lat' dir='ltr'>viresque</span> <span class='ocrx_word' id='word_1_67' title='bbox 1107 1192 1323 1255; x_wconf 66' lang='lat' dir='ltr'>collapsze</span> <span class='ocrx_word' id='word_1_68' title='bbox 1356 1201 1480 1237; x_wconf 79' lang='lat' dir='ltr'>sunt.</span> <span class='ocrx_word' id='word_1_69' title='bbox 1509 1195 1625 1236; x_wconf 67' lang='lat' dir='ltr'>Nam</span> <span class='ocrx_word' id='word_1_70' title='bbox 1654 1207 1760 1235; x_wconf 79' lang='lat' dir='ltr'>cum</span> 
     </span>
     <span class='ocr_line' id='line_1_11' title="bbox 355 1267 1763 1330; baseline 0.001 -20"><span class='ocrx_word' id='word_1_71' title='bbox 355 1267 442 1329; x_wconf 73' lang='lat' dir='ltr'>ipsi</span> <span class='ocrx_word' id='word_1_72' title='bbox 475 1269 679 1313; x_wconf 84' lang='lat' dir='ltr'>Henrico</span> <span class='ocrx_word' id='word_1_73' title='bbox 703 1268 943 1313; x_wconf 77' lang='lat' dir='ltr'>calamitas</span> <span class='ocrx_word' id='word_1_74' title='bbox 966 1269 1179 1313; x_wconf 74' lang='lat' dir='ltr'>nuntiata</span> <span class='ocrx_word' id='word_1_75' title='bbox 1211 1267 1393 1322; x_wconf 87' lang='lat' dir='ltr'>fuisset,</span> <span class='ocrx_word' id='word_1_76' title='bbox 1423 1267 1647 1330; x_wconf 83' lang='lat' dir='ltr'>quodque</span> <span class='ocrx_word' id='word_1_77' title='bbox 1677 1284 1763 1311; x_wconf 85' lang='lat' dir='ltr'>su—</span> 
     </span>
     <span class='ocr_line' id='line_1_12' title="bbox 356 1344 1760 1408; baseline 0.001 -20"><span class='ocrx_word' id='word_1_78' title='bbox 356 1345 603 1406; x_wconf 76' lang='lat' dir='ltr'>perstitum</span> <span class='ocrx_word' id='word_1_79' title='bbox 635 1362 689 1390; x_wconf 79' lang='lat' dir='ltr'>ex</span> <span class='ocrx_word' id='word_1_80' title='bbox 713 1346 806 1390; x_wconf 85' lang='lat' dir='ltr'>suis</span> <span class='ocrx_word' id='word_1_81' title='bbox 842 1362 1007 1406; x_wconf 82' lang='lat' dir='ltr'>magna</span> <span class='ocrx_word' id='word_1_82' title='bbox 1033 1361 1141 1408; x_wconf 86' lang='lat' dir='ltr'>pars</span> <span class='ocrx_word' id='word_1_83' title='bbox 1164 1344 1423 1390; x_wconf 80' lang='lat' dir='ltr'>victoribus</span> <span class='ocrx_word' id='word_1_84' title='bbox 1456 1361 1504 1390; x_wconf 91' lang='lat' dir='ltr'>se</span> <span class='ocrx_word' id='word_1_85' title='bbox 1528 1345 1760 1399; x_wconf 73' lang='lat' dir='ltr'>dedisset,</span> 
     </span>
     <span class='ocr_line' id='line_1_13' title="bbox 358 1420 1762 1483; baseline 0 -19"><span class='ocrx_word' id='word_1_86' title='bbox 358 1433 402 1464; x_wconf 68' lang='lat' dir='ltr'>et</span> <span class='ocrx_word' id='word_1_87' title='bbox 421 1420 519 1481; x_wconf 86' lang='lat' dir='ltr'>jam</span> <span class='ocrx_word' id='word_1_88' title='bbox 544 1421 589 1465; x_wconf 90' lang='lat' dir='ltr'>in</span> <span class='ocrx_word' id='word_1_89' title='bbox 618 1437 765 1483; x_wconf 81' lang='lat' dir='ltr'>regno</span> <span class='ocrx_word' id='word_1_90' title='bbox 790 1437 1024 1482; x_wconf 81' lang='lat' dir='ltr'>nusquam</span> <span class='ocrx_word' id='word_1_91' title='bbox 1050 1421 1167 1466; x_wconf 86' lang='lat' dir='ltr'>foret</span> <span class='ocrx_word' id='word_1_92' title='bbox 1191 1421 1278 1466; x_wconf 83' lang='lat' dir='ltr'>sibi</span> <span class='ocrx_word' id='word_1_93' title='bbox 1302 1430 1457 1466; x_wconf 76' lang='lat' dir='ltr'>tutum</span> <span class='ocrx_word' id='word_1_94' title='bbox 1481 1421 1734 1466; x_wconf 78' lang='lat' dir='ltr'>consistere</span> <span class='ocrx_word' id='word_1_95' title='bbox 1752 1456 1762 1475; x_wconf 79' lang='lat'><strong><em>‚</em></strong></span> 
     </span>
     <span class='ocr_line' id='line_1_14' title="bbox 358 1495 1761 1559; baseline -0.001 -20"><span class='ocrx_word' id='word_1_96' title='bbox 358 1495 552 1540; x_wconf 81' lang='lat' dir='ltr'>dimisso</span> <span class='ocrx_word' id='word_1_97' title='bbox 580 1496 813 1554; x_wconf 82' lang='lat' dir='ltr'>Eboraco,</span> <span class='ocrx_word' id='word_1_98' title='bbox 835 1497 882 1542; x_wconf 84' lang='lat' dir='ltr'>in</span> <span class='ocrx_word' id='word_1_99' title='bbox 907 1497 1112 1541; x_wconf 76' lang='lat' dir='ltr'>Scotiam</span> <span class='ocrx_word' id='word_1_100' title='bbox 1138 1497 1358 1558; x_wconf 81' lang='lat' dir='ltr'>aufugere</span> <span class='ocrx_word' id='word_1_101' title='bbox 1383 1496 1654 1559; x_wconf 73' lang='lat' dir='ltr'>compuisus</span> <span class='ocrx_word' id='word_1_102' title='bbox 1679 1503 1761 1552; x_wconf 78' lang='lat' dir='ltr'>est,</span> 
     </span>
     <span class='ocr_line' id='line_1_15' title="bbox 359 1572 1762 1637; baseline -0.001 -20"><span class='ocrx_word' id='word_1_103' title='bbox 359 1572 439 1617; x_wconf 85' lang='lat' dir='ltr'>ubi</span> <span class='ocrx_word' id='word_1_104' title='bbox 484 1590 567 1636; x_wconf 86' lang='lat' dir='ltr'>per</span> <span class='ocrx_word' id='word_1_105' title='bbox 610 1591 762 1620; x_wconf 86' lang='lat' dir='ltr'>annos</span> <span class='ocrx_word' id='word_1_106' title='bbox 811 1575 991 1636; x_wconf 81' lang='lat' dir='ltr'>aliquos</span> <span class='ocrx_word' id='word_1_107' title='bbox 1037 1574 1165 1619; x_wconf 79' lang='lat' dir='ltr'>exsul</span> <span class='ocrx_word' id='word_1_108' title='bbox 1208 1584 1254 1620; x_wconf 86' lang='lat' dir='ltr'>et</span> <span class='ocrx_word' id='word_1_109' title='bbox 1297 1575 1523 1637; x_wconf 78' lang='lat' dir='ltr'>profugus</span> <span class='ocrx_word' id='word_1_110' title='bbox 1565 1573 1762 1618; x_wconf 82' lang='lat' dir='ltr'>delituit.</span> 
     </span>
     <span class='ocr_line' id='line_1_16' title="bbox 360 1650 1767 1713; baseline -0.001 -19"><span class='ocrx_word' id='word_1_111' title='bbox 360 1650 606 1695; x_wconf 80' lang='lat' dir='ltr'>Edoardus</span> <span class='ocrx_word' id='word_1_112' title='bbox 640 1661 820 1707; x_wconf 83' lang='lat' dir='ltr'>autem,</span> <span class='ocrx_word' id='word_1_113' title='bbox 851 1652 1036 1696; x_wconf 78' lang='lat' dir='ltr'>noviter</span> <span class='ocrx_word' id='word_1_114' title='bbox 1062 1652 1109 1696; x_wconf 91' lang='lat' dir='ltr'>in</span> <span class='ocrx_word' id='word_1_115' title='bbox 1141 1668 1298 1712; x_wconf 78' lang='lat' dir='ltr'>regem</span> <span class='ocrx_word' id='word_1_116' title='bbox 1325 1660 1611 1713; x_wconf 83' lang='lat' dir='ltr'>assumptus,</span> <span class='ocrx_word' id='word_1_117' title='bbox 1639 1658 1767 1711; x_wconf 85' lang='lat' dir='ltr'>post-</span> 
     </span>
     <span class='ocr_line' id='line_1_17' title="bbox 361 1725 1767 1790; baseline -0.001 -19"><span class='ocrx_word' id='word_1_118' title='bbox 361 1743 502 1789; x_wconf 83' lang='lat' dir='ltr'>quam</span> <span class='ocrx_word' id='word_1_119' title='bbox 527 1727 723 1772; x_wconf 80' lang='lat' dir='ltr'>victoria</span> <span class='ocrx_word' id='word_1_120' title='bbox 747 1728 922 1790; x_wconf 79' lang='lat' dir='ltr'>potitus</span> <span class='ocrx_word' id='word_1_121' title='bbox 955 1738 1044 1787; x_wconf 78' lang='lat' dir='ltr'>est,</span> <span class='ocrx_word' id='word_1_122' title='bbox 1080 1745 1189 1773; x_wconf 86' lang='lat' dir='ltr'>cum</span> <span class='ocrx_word' id='word_1_123' title='bbox 1215 1744 1386 1789; x_wconf 80' lang='lat' dir='ltr'>magno</span> <span class='ocrx_word' id='word_1_124' title='bbox 1422 1725 1663 1789; x_wconf 79' lang='lat' dir='ltr'>triumpho</span> <span class='ocrx_word' id='word_1_125' title='bbox 1689 1742 1767 1770; x_wconf 77' lang='lat' dir='ltr'>ex-</span> 
     </span>
     <span class='ocr_line' id='line_1_18' title="bbox 360 1803 1767 1867; baseline -0.001 -19"><span class='ocrx_word' id='word_1_126' title='bbox 360 1812 521 1865; x_wconf 78' lang='lat' dir='ltr'>ceptus</span> <span class='ocrx_word' id='word_1_127' title='bbox 560 1820 586 1848; x_wconf 86' lang='lat' dir='ltr'>a</span> <span class='ocrx_word' id='word_1_128' title='bbox 620 1804 798 1849; x_wconf 83' lang='lat' dir='ltr'>civibus</span> <span class='ocrx_word' id='word_1_129' title='bbox 836 1803 1188 1850; x_wconf 81' lang='lat' dir='ltr'>Londoniarum</span> <span class='ocrx_word' id='word_1_130' title='bbox 1222 1814 1266 1849; x_wconf 83' lang='lat' dir='ltr'>et</span> <span class='ocrx_word' id='word_1_131' title='bbox 1301 1803 1489 1867; x_wconf 78' lang='lat' dir='ltr'>populis</span> <span class='ocrx_word' id='word_1_132' title='bbox 1526 1803 1679 1865; x_wconf 78' lang='lat' dir='ltr'>regni,</span> <span class='ocrx_word' id='word_1_133' title='bbox 1719 1803 1767 1848; x_wconf 92' lang='lat' dir='ltr'>in</span> 
     </span>
     <span class='ocr_line' id='line_1_19' title="bbox 362 1879 1767 1942; baseline -0.001 -18"><span class='ocrx_word' id='word_1_134' title='bbox 362 1896 516 1940; x_wconf 81' lang='lat' dir='ltr'>regem</span> <span class='ocrx_word' id='word_1_135' title='bbox 559 1879 727 1942; x_wconf 76' lang='lat' dir='ltr'>Angliae</span> <span class='ocrx_word' id='word_1_136' title='bbox 770 1880 1043 1925; x_wconf 70' lang='lat' dir='ltr'>solemniter</span> <span class='ocrx_word' id='word_1_137' title='bbox 1083 1891 1152 1926; x_wconf 79' lang='lat' dir='ltr'>est</span> <span class='ocrx_word' id='word_1_138' title='bbox 1197 1882 1441 1936; x_wconf 84' lang='lat' dir='ltr'>inunctus3</span> <span class='ocrx_word' id='word_1_139' title='bbox 1476 1890 1520 1924; x_wconf 86' lang='lat' dir='ltr'>et</span> <span class='ocrx_word' id='word_1_140' title='bbox 1558 1896 1581 1924; x_wconf 92' lang='lat' dir='ltr'>e</span> <span class='ocrx_word' id='word_1_141' title='bbox 1620 1879 1767 1923; x_wconf 86' lang='lat' dir='ltr'>domo</span> 
     </span>
     <span class='ocr_line' id='line_1_20' title="bbox 361 1956 1771 2018; baseline 0 -19"><span class='ocrx_word' id='word_1_142' title='bbox 361 1957 635 2001; x_wconf 78' lang='lat' dir='ltr'>Leucastriae</span> <span class='ocrx_word' id='word_1_143' title='bbox 655 1991 666 2013; x_wconf 78' lang='lat'>‚</span> <span class='ocrx_word' id='word_1_144' title='bbox 702 1956 761 2001; x_wconf 86' lang='lat' dir='ltr'>de</span> <span class='ocrx_word' id='word_1_145' title='bbox 786 1972 878 2017; x_wconf 84' lang='lat' dir='ltr'>qua</span> <span class='ocrx_word' id='word_1_146' title='bbox 906 1957 1132 2002; x_wconf 88' lang='lat' dir='ltr'>Henricus</span> <span class='ocrx_word' id='word_1_147' title='bbox 1156 1958 1386 2018; x_wconf 81' lang='lat' dir='ltr'>originem</span> <span class='ocrx_word' id='word_1_148' title='bbox 1407 1956 1640 2013; x_wconf 80' lang='lat' dir='ltr'>habebat,</span> <span class='ocrx_word' id='word_1_149' title='bbox 1675 1956 1771 2000; x_wconf 87' lang='lat' dir='ltr'>dia-</span> 
     </span>
     <span class='ocr_line' id='line_1_21' title="bbox 361 2031 1772 2095; baseline 0.001 -20"><span class='ocrx_word' id='word_1_150' title='bbox 361 2031 499 2077; x_wconf 75' lang='lat' dir='ltr'>dema</span> <span class='ocrx_word' id='word_1_151' title='bbox 527 2033 658 2093; x_wconf 82' lang='lat' dir='ltr'>regni</span> <span class='ocrx_word' id='word_1_152' title='bbox 688 2042 733 2076; x_wconf 82' lang='lat' dir='ltr'>et</span> <span class='ocrx_word' id='word_1_153' title='bbox 761 2033 1028 2095; x_wconf 73' lang='lat' dir='ltr'>principalis</span> <span class='ocrx_word' id='word_1_154' title='bbox 1066 2042 1271 2095; x_wconf 61' lang='lat' dir='ltr'>potestas</span> <span class='ocrx_word' id='word_1_155' title='bbox 1308 2033 1368 2078; x_wconf 77' lang='lat' dir='ltr'>ad</span> <span class='ocrx_word' id='word_1_156' title='bbox 1403 2049 1548 2093; x_wconf 81' lang='lat' dir='ltr'>genus</span> <span class='ocrx_word' id='word_1_157' title='bbox 1572 2042 1616 2077; x_wconf 85' lang='lat' dir='ltr'>et</span> <span class='ocrx_word' id='word_1_158' title='bbox 1644 2032 1772 2077; x_wconf 82' lang='lat' dir='ltr'>fami-</span> 
     </span>
     <span class='ocr_line' id='line_1_22' title="bbox 361 2109 1772 2172; baseline -0.001 -18"><span class='ocrx_word' id='word_1_159' title='bbox 361 2109 471 2154; x_wconf 84' lang='lat' dir='ltr'>liam</span> <span class='ocrx_word' id='word_1_160' title='bbox 506 2110 749 2155; x_wconf 83' lang='lat' dir='ltr'>Richardi¹</span> <span class='ocrx_word' id='word_1_161' title='bbox 779 2110 1000 2155; x_wconf 73' lang='lat' dir='ltr'>revolutae</span> <span class='ocrx_word' id='word_1_162' title='bbox 1034 2120 1175 2172; x_wconf 80' lang='lat' dir='ltr'>atque</span> <span class='ocrx_word' id='word_1_163' title='bbox 1218 2111 1454 2155; x_wconf 61' lang='lat' dir='ltr'>restitutae.</span> <span class='ocrx_word' id='word_1_164' title='bbox 1493 2113 1609 2154; x_wconf 80' lang='lat' dir='ltr'>Nam</span> <span class='ocrx_word' id='word_1_165' title='bbox 1641 2126 1665 2154; x_wconf 87' lang='lat' dir='ltr'>a</span> <span class='ocrx_word' id='word_1_166' title='bbox 1698 2109 1772 2152; x_wconf 74' lang='lat' dir='ltr'>Ri-</span> 
     </span>
     <span class='ocr_line' id='line_1_23' title="bbox 363 2186 1772 2249; baseline -0.001 -18"><span class='ocrx_word' id='word_1_167' title='bbox 363 2186 560 2244; x_wconf 66' lang='lat' dir='ltr'>chardo,</span> <span class='ocrx_word' id='word_1_168' title='bbox 586 2203 691 2248; x_wconf 80' lang='lat' dir='ltr'>rege</span> <span class='ocrx_word' id='word_1_169' title='bbox 714 2186 958 2249; x_wconf 73' lang='lat' dir='ltr'>quondam</span> <span class='ocrx_word' id='word_1_170' title='bbox 980 2187 1165 2249; x_wconf 70' lang='lat' dir='ltr'>Angliee,</span> <span class='ocrx_word' id='word_1_171' title='bbox 1188 2204 1330 2249; x_wconf 85' lang='lat' dir='ltr'>quem</span> <span class='ocrx_word' id='word_1_172' title='bbox 1350 2187 1578 2231; x_wconf 80' lang='lat' dir='ltr'>Henrieus</span> <span class='ocrx_word' id='word_1_173' title='bbox 1593 2186 1772 2249; x_wconf 80' lang='lat' dir='ltr'>primus</span> 
     </span>
     <span class='ocr_line' id='line_1_24' title="bbox 367 2262 1749 2326; baseline -0.001 -20"><span class='ocrx_word' id='word_1_174' title='bbox 367 2264 639 2307; x_wconf 78' lang='lat' dir='ltr'>Leucastriae</span> <span class='ocrx_word' id='word_1_175' title='bbox 680 2279 826 2325; x_wconf 85' lang='lat' dir='ltr'>regno</span> <span class='ocrx_word' id='word_1_176' title='bbox 863 2263 1001 2308; x_wconf 84' lang='lat' dir='ltr'>simul</span> <span class='ocrx_word' id='word_1_177' title='bbox 1044 2274 1088 2309; x_wconf 85' lang='lat' dir='ltr'>et</span> <span class='ocrx_word' id='word_1_178' title='bbox 1126 2264 1221 2309; x_wconf 78' lang='lat' dir='ltr'>vita</span> <span class='ocrx_word' id='word_1_179' title='bbox 1259 2264 1547 2326; x_wconf 74' lang='lat' dir='ltr'>privaverat,</span> <span class='ocrx_word' id='word_1_180' title='bbox 1597 2278 1680 2324; x_wconf 81' lang='lat' dir='ltr'>per</span> <span class='ocrx_word' id='word_1_181' title='bbox 1718 2262 1749 2306; x_wconf 82' lang='lat' dir='ltr'>li</span> 
     </span>
     <span class='ocr_line' id='line_1_25' title="bbox 364 2338 1770 2403; baseline 0 -20"><span class='ocrx_word' id='word_1_182' title='bbox 364 2356 503 2384; x_wconf 81' lang='lat' dir='ltr'>neam</span> <span class='ocrx_word' id='word_1_183' title='bbox 528 2349 703 2384; x_wconf 72' lang='lat' dir='ltr'>rectam</span> <span class='ocrx_word' id='word_1_184' title='bbox 733 2339 828 2385; x_wconf 79' lang='lat' dir='ltr'>dux</span> <span class='ocrx_word' id='word_1_185' title='bbox 856 2339 1054 2385; x_wconf 81' lang='lat' dir='ltr'>Eboraci</span> <span class='ocrx_word' id='word_1_186' title='bbox 1081 2339 1294 2403; x_wconf 76' lang='lat' dir='ltr'>praefatus</span> <span class='ocrx_word' id='word_1_187' title='bbox 1323 2349 1369 2384; x_wconf 86' lang='lat' dir='ltr'>et</span> <span class='ocrx_word' id='word_1_188' title='bbox 1398 2340 1482 2385; x_wconf 82' lang='lat' dir='ltr'>iste</span> <span class='ocrx_word' id='word_1_189' title='bbox 1507 2338 1628 2384; x_wconf 84' lang='lat' dir='ltr'>filius</span> <span class='ocrx_word' id='word_1_190' title='bbox 1654 2338 1770 2400; x_wconf 79' lang='lat' dir='ltr'>ejus,</span> 
     </span>
     <span class='ocr_line' id='line_1_26' title="bbox 365 2415 1271 2472; baseline 0.001 -13"><span class='ocrx_word' id='word_1_191' title='bbox 365 2415 637 2472; x_wconf 77' lang='lat' dir='ltr'>Edoardus,</span> <span class='ocrx_word' id='word_1_192' title='bbox 667 2415 962 2461; x_wconf 85' lang='lat' dir='ltr'>descendisse</span> <span class='ocrx_word' id='word_1_193' title='bbox 987 2415 1271 2461; x_wconf 87' lang='lat' dir='ltr'>ferebantur.</span> 
     </span>
    </p>

    <p class='ocr_par' dir='ltr' id='par_1_5' title="bbox 364 2491 1776 2710">
     <span class='ocr_line' id='line_1_27' title="bbox 431 2491 1770 2554; baseline -0.001 -19"><span class='ocrx_word' id='word_1_194' title='bbox 431 2491 495 2535; x_wconf 61' lang='lat' dir='ltr'>Ad</span> <span class='ocrx_word' id='word_1_195' title='bbox 523 2492 597 2553; x_wconf 88' lang='lat' dir='ltr'>jus</span> <span class='ocrx_word' id='word_1_196' title='bbox 628 2492 785 2554; x_wconf 81' lang='lat' dir='ltr'>itaque</span> <span class='ocrx_word' id='word_1_197' title='bbox 812 2493 989 2537; x_wconf 77' lang='lat' dir='ltr'>avitum</span> <span class='ocrx_word' id='word_1_198' title='bbox 1015 2502 1059 2537; x_wconf 82' lang='lat' dir='ltr'>et</span> <span class='ocrx_word' id='word_1_199' title='bbox 1084 2502 1348 2550; x_wconf 73' lang='lat' dir='ltr'>veternum7</span> <span class='ocrx_word' id='word_1_200' title='bbox 1380 2500 1485 2554; x_wconf 84' lang='lat' dir='ltr'>post</span> <span class='ocrx_word' id='word_1_201' title='bbox 1509 2500 1579 2535; x_wconf 70' lang='lat' dir='ltr'>lot</span> <span class='ocrx_word' id='word_1_202' title='bbox 1602 2506 1770 2548; x_wconf 79' lang='lat' dir='ltr'>annos,</span> 
     </span>
     <span class='ocr_line' id='line_1_28' title="bbox 364 2567 1775 2632; baseline -0.001 -20"><span class='ocrx_word' id='word_1_203' title='bbox 364 2568 448 2612; x_wconf 76' lang='lat' dir='ltr'>isle</span> <span class='ocrx_word' id='word_1_204' title='bbox 469 2568 729 2626; x_wconf 66' lang='lat' dir='ltr'>[idom-dus,</span> <span class='ocrx_word' id='word_1_205' title='bbox 749 2585 832 2632; x_wconf 83' lang='lat' dir='ltr'>per</span> <span class='ocrx_word' id='word_1_206' title='bbox 852 2570 990 2614; x_wconf 78' lang='lat' dir='ltr'>talem</span> <span class='ocrx_word' id='word_1_207' title='bbox 1018 2568 1461 2632; x_wconf 73' lang='lat' dir='ltr'>proceiiosissimam</span> <span class='ocrx_word' id='word_1_208' title='bbox 1486 2567 1775 2630; x_wconf 82' lang='lat' dir='ltr'>populorum</span> 
     </span>
     <span class='ocr_line' id='line_1_29' title="bbox 367 2645 1776 2710; baseline 0.001 -22"><span class='ocrx_word' id='word_1_209' title='bbox 367 2645 537 2705; x_wconf 75' lang='lat' dir='ltr'>Angliae</span> <span class='ocrx_word' id='word_1_210' title='bbox 573 2647 945 2692; x_wconf 66' lang='lat' dir='ltr'>commotionem</span> <span class='ocrx_word' id='word_1_211' title='bbox 979 2657 1021 2692; x_wconf 79' lang='lat' dir='ltr'>et</span> <span class='ocrx_word' id='word_1_212' title='bbox 1046 2648 1313 2710; x_wconf 58' lang='lat' dir='ltr'>principum</span> <span class='ocrx_word' id='word_1_213' title='bbox 1346 2646 1664 2708; x_wconf 84' lang='lat' dir='ltr'>quorumdam</span> <span class='ocrx_word' id='word_1_214' title='bbox 1691 2645 1776 2690; x_wconf 89' lang='lat' dir='ltr'>fac-</span> 
     </span>
    </p>
   </div>
   <div class='ocr_carea' id='block_1_5' title="bbox 422 2779 727 2819">
    <p class='ocr_par' dir='ltr' id='par_1_6' title="bbox 422 2779 727 2819">
     <span class='ocr_line' id='line_1_30' title="bbox 422 2779 727 2819; baseline 0.007 -3"><span class='ocrx_word' id='word_1_215' title='bbox 422 2782 458 2816; x_wconf 77' lang='grc'>1.</span> <span class='ocrx_word' id='word_1_216' title='bbox 494 2779 660 2817; x_wconf 77' lang='lat' dir='ltr'>Richard</span> <span class='ocrx_word' id='word_1_217' title='bbox 678 2783 727 2819; x_wconf 84' lang='lat'>11.</span> 
     </span>
    </p>
   </div>
  </div>
 </body>
</html>
