2037 3442
440 305 514 338 224
810 305 1149 340 HISTORIARUM
1179 305 1359 339 CAROLI
1384 307 1451 339 VII

441 383 669 427 nanzentis
692 382 910 426 decorata
936 383 1136 437 exsistit,
1166 392 1212 426 ut
1246 383 1319 426 vix
1341 383 1387 426 in
1413 392 1509 427 tota
1534 383 1707 437 Gallia,
1736 401 1828 428 non

441 458 582 501 modo
612 456 804 502 secundi
841 456 1012 517 gradus
1034 457 1317 513 nobilitatis,
1345 457 1426 502 sed
1450 473 1536 502 nec
1569 458 1686 517 regis
1707 493 1717 512 ,
1748 475 1832 520 pro

438 550 519 579 sua
555 533 877 595 magnitudine
915 543 960 578 et
997 535 1280 596 capacitate,
1326 534 1495 578 domus
1531 534 1740 579 ornatior
1783 551 1836 579 ac

440 608 811 670 magnificentior
835 608 966 653 facile
990 621 1141 671 posset
1170 610 1385 654 inveniri.

500 688 617 730 Cum
631 686 768 746 igitur
788 686 925 729 tantis
943 685 1204 730 abundaret
1228 685 1398 748 opibus
1422 695 1465 731 et
1486 686 1676 743 divitiis,
1701 695 1835 730 esset-

435 779 526 824 que
548 762 658 823 regii
681 762 876 806 honoris
894 777 946 806 ac
966 763 1106 806 totius
1126 764 1255 824 regni
1276 773 1320 807 et
1339 763 1604 825 reipublicae
1626 762 1834 807 utilitatis

435 838 772 884 zelantissimus
788 873 798 893 ‚
826 839 872 882 in
904 848 1031 883 tanta
1050 839 1316 901 reipublicae
1341 841 1609 884 necessitate
1634 855 1727 884 non
1754 839 1834 884 (le—

436 915 519 959 fuit
539 932 550 968 ;
577 915 675 973 sed,
703 914 917 977 pluribus
938 932 991 959 ex
1011 916 1328 977 magnatibus,
1350 917 1429 976 qui
1451 916 1694 977 largitione
1713 918 1833 978 regia

436 990 604 1053 opibus
643 1001 775 1036 erant
817 990 1125 1049 refertissimi,
1168 992 1376 1054 inopiam
1412 991 1761 1047 simulantibus,
1791 1002 1834 1037 et

437 1067 570 1112 falsas
602 1083 656 1112 ac
689 1067 876 1111 frivolas
908 1068 1227 1112 excusationes
1259 1067 1583 1123 afferentibus,
1612 1084 1832 1128 magnum

435 1144 535 1188 auri
565 1143 753 1206 pondus
778 1143 899 1188 ultro
925 1144 1017 1204 regi
1053 1153 1374 1189 mutuaturum
1403 1161 1451 1189 se
1475 1144 1671 1203 obtulit,
1705 1145 1833 1190 exhi-

437 1219 626 1282 buitque
659 1220 937 1283 pecuniam,
984 1236 1087 1281 quae
1124 1219 1182 1264 ad
1221 1236 1455 1264 summam
1486 1221 1607 1266 circa
1643 1232 1831 1266 centum

437 1295 580 1341 millia
601 1306 842 1341 scutorum
857 1295 955 1340 auri
979 1295 1231 1340 ascendere
1251 1295 1500 1350 terebatur,
1519 1297 1565 1340 in
1585 1305 1678 1341 tam
1700 1313 1831 1342 sanc-

435 1383 535 1417 tum
563 1371 1058 1435 pernecessariumque
1099 1388 1218 1434 opus
1264 1372 1647 1417 convertendam.
1691 1374 1832 1434 Cujus

434 1449 756 1494 subventionis
781 1447 977 1500 auxilio,
1004 1447 1223 1510 praedicta
1243 1448 1418 1510 oppida
1441 1449 1637 1505 Falesia,
1665 1448 1833 1493 deinde

435 1535 637 1571 castrum
664 1524 1079 1586 Dompni-Frontis
1108 1534 1153 1569 et
1179 1524 1428 1569 novissime
1466 1524 1833 1586 Burgi-Caesaris

435 1603 619 1648 obsessa
639 1602 839 1647 fuerunt.
861 1605 908 1645 ln
926 1600 1096 1662 quibus
1117 1601 1224 1646 licet
1248 1602 1317 1662 (in
1349 1601 1521 1646 Falesia
1544 1601 1796 1664 praesertim
1816 1601 1830 1659 )

435 1688 588 1723 essent
628 1694 797 1738 magna
851 1678 1098 1738 anglorum
1143 1678 1379 1740 praesidia,
1421 1695 1527 1723 cum
1567 1679 1631 1722 eis
1675 1688 1828 1723 tamen

435 1771 540 1817 spes
577 1754 739 1799 solatia
769 1764 907 1814 atque
944 1771 1191 1798 succursus
1226 1754 1284 1798 ab
1316 1754 1476 1814 Anglia
1512 1753 1829 1815 consequendi

436 1833 633 1877 omnino
655 1832 815 1876 deerat
833 1833 859 1885 ¹,
894 1830 1053 1874 validis
1082 1830 1354 1875 militaribus
1385 1830 1531 1893 copiis
1560 1830 1829 1875 horrendis-

434 1924 526 1970 que
549 1907 821 1952 bombardis
847 1923 900 1951 ac
923 1905 1151 1950 machinis
1168 1907 1436 1963 coarctatis,
1459 1906 1517 1951 ad
1541 1905 1827 1950 deditionem

434 1984 551 2029 infra
582 1984 786 2046 spatium
809 1982 990 2026 circiter
1018 1982 1222 2026 duorum
1254 1983 1483 2027 mensium
1508 1991 1667 2026 coacta
1697 1991 1825 2039 sunt,

436 2070 479 2105 et
503 2077 527 2105 a
550 2063 836 2104 Francorum
860 2074 966 2119 rege
991 2067 1190 2120 recepta.

498 2136 667 2181 Mirum
685 2145 841 2180 autem
864 2134 999 2179 valde
1027 2134 1130 2191 fuit,
1160 2144 1205 2179 et
1232 2133 1386 2179 multis
1414 2144 1537 2179 retro
1561 2134 1734 2178 saeculis
1756 2134 1827 2178 in-

434 2212 672 2268 auditum,
705 2210 863 2272 quod⁷
894 2227 999 2255 cum
1033 2209 1093 2255 ad
1121 2210 1487 2272 expugnandum
1512 2211 1828 2255 Caesaris-Bur-

434 2305 542 2350 gum
559 2324 570 2345 ,
595 2287 866 2333 bombardae
892 2304 988 2332 non
1014 2287 1100 2332 nisi
1121 2288 1167 2331 in
1196 2304 1365 2346 arena,
1398 2304 1501 2350 quae
1523 2297 1592 2333 est
1611 2288 1657 2332 in
1675 2287 1827 2332 littore

435 2365 597 2419 maris,
625 2363 876 2409 commode
902 2363 1062 2409 situari
1096 2373 1313 2426 possent,
1351 2379 1491 2426 quam
1520 2364 1670 2408 fluxus
1694 2363 1828 2407 mari—

433 2459 521 2487 nus
556 2441 625 2486 bis
660 2440 869 2502 quolibet
908 2440 983 2484 die
1021 2440 1290 2486 naturaliter
1325 2440 1532 2485 ascendit
1570 2440 1629 2485 ad
1671 2439 1824 2484 altitu-

434 2520 593 2563 dinem
631 2518 833 2580 plurium
875 2516 1173 2574 cubitorum,
1211 2516 1273 2561 ibi
1324 2516 1630 2561 nihilominus
1667 2516 1826 2560 locatae

433 2594 703 2656 situataeque
732 2594 944 2650 fuerunt,
970 2601 1067 2637 arte
1090 2592 1280 2637 inventa
1300 2609 1390 2654 qua
1409 2629 1419 2647 ,
1448 2591 1746 2655 operimentis
1771 2607 1824 2634 ex

488 2761 521 2794 1.
555 2761 656 2793 Dans·
680 2758 713 2793 le
735 2758 960 2803 manuscrit,
982 2760 1223 2805 consequendi
1245 2762 1368 2793 omma
1392 2759 1547 2803 validis,
1566 2765 1632 2793 cte.
