2142 3473
503 261 553 296 18
880 258 1219 294 HISTORIARUM
1246 257 1426 293 CAROLI
1452 259 1520 293 VII

503 340 632 388 cardi
650 339 1031 398 exstinctionem,
1049 354 1107 383 eo
1129 337 1262 399 quod
1290 347 1419 382 extra
1444 338 1739 399 propositam
1754 339 1906 384 inten-

502 417 681 462 tionem
705 415 779 474 sit,
802 414 903 460 aliis
926 414 1240 460 enarrandam
1262 413 1589 476 relinquimus.
1615 417 1655 459 Is
1680 414 1906 460 Hem-icus

500 502 599 538 erat
619 501 722 537 tum
740 491 926 554 juvenis
945 528 955 547 ,
991 507 1098 537 acer
1122 490 1338 552 ingenio,
1371 489 1452 535 sed
1477 490 1636 536 animo
1667 505 1839 552 magno
1863 500 1908 535 et

502 569 685 615 excelso
719 569 885 627 nimis;
910 583 1161 631 germanos
1186 566 1504 626 habenstres,
1538 567 1713 613 scilicet
1736 566 1906 612 ducem

501 646 764 706 Betfordiae,
805 646 975 692 ducem
1009 645 1296 702 Glocestriae,
1334 653 1379 690 et
1410 643 1581 690 ducem
1613 644 1901 703 Clarenciae¹,

501 725 582 788 qui
604 734 650 770 et
674 724 764 786 ipsi
786 722 957 785 singuli
979 721 1157 768 strenui
1183 730 1228 767 et
1248 720 1504 785 prudentes
1527 730 1675 767 erant.

969 931 1305 979 CAPITULUM
1337 933 1436 976 VII.

559 1068 718 1111 Qualiter
735 1069 932 1115 Anglorum
950 1080 1011 1101 rex
1030 1066 1249 1103 Hareflutum
1273 1066 1445 1114 oppidum
1473 1065 1609 1100 obsedit
1627 1075 1660 1101 et
1678 1067 1841 1102 obtinuit.

565 1189 685 1233 Cum
710 1186 849 1249 igitur
866 1202 1066 1248 regnum
1081 1188 1387 1247 Francorum,
1408 1196 1461 1232 ut
1477 1186 1696 1245 diximus,
1714 1186 1906 1249 aggredi

497 1265 658 1311 animo
697 1263 954 1320 firmasset,
994 1272 1041 1309 et
1078 1263 1275 1310 classem
1315 1280 1538 1325 magnam
1586 1263 1723 1309 valde
1764 1273 1905 1326 atque

496 1344 753 1389 exercitum
766 1359 824 1388 ex
837 1342 1100 1387 lectissimis
1115 1343 1227 1397 viris
1243 1343 1550 1402 instruxisset,
1567 1359 1664 1387 non
1683 1343 1900 1406 amplius,

496 1432 547 1468 ut
571 1421 753 1479 ferunt,
790 1419 1047 1466 duodecim
1072 1430 1152 1466 aut
1176 1419 1451 1481 quindecim
1480 1419 1706 1478 millium,
1739 1428 1906 1482 praeter

498 1508 665 1545 nautas
705 1507 751 1544 et
784 1507 1070 1543 mercatores
1114 1498 1337 1543 exercitui
1376 1497 1724 1557 ministrantes3
1764 1496 1906 1542 fretus

497 1575 678 1621 auxiliis
701 1585 839 1638 atque
866 1574 1041 1621 solatiis
1061 1574 1195 1621 ducis
1216 1573 1628 1636 Burgundionum,
1655 1573 1791 1619 classi
1814 1591 1906 1620 suae

497 1652 601 1698 vela
627 1669 713 1715 per
736 1653 883 1698 altum
907 1652 1042 1709 fecit,
1075 1663 1121 1699 et
1146 1670 1200 1699 ex
1224 1663 1367 1717 portu
1394 1652 1454 1698 de
1479 1654 1789 1716 Hampt0ne2‚
1816 1669 1905 1715 op-

497 1729 652 1792 posito
669 1730 913 1791 Sequanae,
942 1729 1001 1774 ad
1025 1728 1168 1774 finem
1193 1728 1404 1791 ejusdem
1427 1728 1634 1773 fluminis
1659 1727 1900 1792 applicuit,
1922 1751 1925 1754 ·

496 1815 637 1868 atque
663 1805 898 1869 oppidum
931 1805 990 1851 de
1019 1805 1218 1867 Harefla
1249 1814 1371 1850 terra
1401 1805 1615 1867 marique
1638 1804 1793 1851 valida
1817 1804 1903 1849 ol)-

497 1882 679 1928 sidione
704 1881 1045 1942 circumdedit,
1082 1897 1244 1927 mense
1271 1890 1496 1942 augusto,
1529 1890 1747 1927 currente
1775 1897 1901 1928 anno

498 1959 691 2005 Domini
712 1975 984 2005 M.cccc.xv.

562 2036 828 2082 Munierant
850 2035 1016 2081 Franci
1035 2034 1163 2081 idem
1189 2034 1444 2098 oppidum,
1470 2047 1522 2081 ut
1544 2034 1710 2080 melius
1733 2045 1901 2098 potue-

499 2122 631 2172 rant;
679 2129 793 2158 nam
829 2112 938 2157 satis
969 2111 1050 2157 diu
1087 2120 1195 2157 ante
1234 2112 1330 2170 eis,
1367 2112 1425 2157 de
1457 2113 1601 2158 classe
1628 2121 1674 2158 et
1711 2111 1770 2157 de
1803 2112 1903 2158 aliis

498 2207 602 2253 quae
641 2190 702 2235 ad
734 2189 912 2235 bellum
943 2190 992 2234 in
1025 2189 1188 2250 Anglia
1222 2189 1586 2252 adaptabantur,
1624 2199 1750 2235 certa
1780 2189 1902 2237 fama

496 2267 854 2332 percrebuerat,
884 2266 1012 2312 unde
1036 2267 1084 2312 in
1112 2267 1214 2330 ipso
1242 2267 1423 2331 oppido
1447 2284 1647 2330 magnus
1678 2285 1902 2315 numerus

498 2345 703 2390 militum
738 2353 784 2390 et
816 2343 1051 2390 nobilium
1079 2353 1212 2390 terrae
1262 2361 1351 2408 pro
1390 2345 1607 2408 praesidio
1644 2346 1900 2393 collocatus

497 2421 582 2467 fuit
597 2458 608 2480 ,
634 2438 723 2485 pro
746 2421 889 2485 ipsius
912 2421 1175 2466 munimine
1204 2437 1258 2467 ac
1283 2421 1574 2469 defensione.
1597 2422 1796 2469 Tamdiu
1819 2439 1900 2468 au-

499 2508 591 2544 tem
619 2499 805 2546 obsidio
842 2499 1059 2546 obsessos
1090 2500 1456 2560 constrinxerat,
1494 2511 1546 2547 ut
1572 2501 1693 2548 fame
1716 2500 1895 2561 valida,

552 2623 589 2657 1.
621 2620 736 2668 John,
759 2621 959 2658 Humfried
985 2630 1022 2658 et
1036 2621 1200 2659 Thomas
1221 2621 1268 2660 de
1287 2625 1512 2668 Lancastre,
1534 2622 1592 2660 fils
1614 2621 1748 2673 puines
1768 2622 1818 2659 du
1841 2624 1898 2661 roi

497 2678 617 2716 Henri
636 2681 698 2715 IV.

550 2740 588 2776 2.
621 2736 909 2787 Soutliampton.
