2037 3442
468 345 515 377 58
838 342 1175 378 HISTORIARUM
1203 342 1379 378 CAROLI
1406 345 1473 379 VII

465 423 664 485 pulavit3
698 432 742 467 et
764 423 977 484 quamvis
1000 423 1228 485 capitanei
1252 433 1390 485 atque
1413 423 1553 469 duces
1579 426 1849 486 Anglorum,

464 516 521 544 eo
545 498 676 561 quod
708 498 822 544 dum
844 499 966 561 ipsos
988 499 1162 560 Angliei
1186 499 1539 562 apprehendere
1562 502 1821 564 potuissent
1838 539 1849 560 ,

462 575 562 620 sine
586 574 681 620 ulla
712 574 1008 620 miseratione
1031 574 1401 634 interficiebant,
1429 576 1626 622 multum
1651 594 1770 623 curae
1799 595 1853 625 ac

461 651 708 714 diligentiae
730 667 861 715 paene
878 667 1060 714 semper
1083 651 1332 697 habuerint
1350 663 1400 698 ut
1422 653 1693 715 hujusmodi
1713 657 1852 718 pesti-

460 727 655 773 lentium
679 728 882 772 ferarum
915 743 1081 789 genere
1108 728 1399 789 provinciam
1422 741 1752 792 expurgarent,
1790 732 1851 777 ita

460 815 510 849 ut
534 820 855 866 quoscumque
877 820 931 848 ex
960 804 1024 849 eis
1048 804 1451 867 comprehendere
1483 816 1701 869 poterant
1725 807 1849 853 illico

460 881 600 926 furcis
622 897 675 926 ac
696 879 916 944 patibulis
936 879 1176 941 affigerent
1200 917 1210 939 ,
1238 898 1482 944 nunquam
1506 891 1662 927 tamen
1691 900 1848 930 semen

458 958 572 1003 illud
609 958 699 1005 ulla
732 957 970 1020 diligentia
997 957 1070 1002 vel
1099 967 1196 1003 arte
1225 959 1533 1004 exterminare
1564 969 1846 1022 potuerunt,

458 1035 684 1098 quamdiu
710 1035 1046 1080 Normanniam
1068 1034 1367 1080 incoluerunt
1387 1052 1439 1081 ac
1463 1045 1731 1082 tenuerunt.

520 1114 694 1157 Verum
719 1112 756 1156 si
778 1111 970 1173 quidem
995 1121 1039 1156 et
1066 1113 1386 1174 experimento
1410 1111 1590 1173 liquido
1615 1111 1847 1175 approba·

456 1198 556 1234 tum
578 1188 827 1234 consilium
852 1188 1003 1246 fuerit,
1023 1188 1148 1250 quod
1175 1188 1366 1250 quidam
1391 1188 1608 1234 sacerdos
1625 1192 1850 1235 Norman-

454 1267 540 1311 niae
572 1266 691 1310 inter
721 1265 936 1326 Anglicos
965 1265 1138 1328 plures,
1166 1265 1212 1309 in
1251 1281 1411 1310 mensa
1435 1264 1620 1324 sedens,
1646 1266 1709 1310 eis
1736 1283 1848 1329 prae-

452 1340 569 1385 buit.
608 1344 729 1385 Dum
773 1341 899 1385 enim
942 1341 1063 1386 inter
1098 1357 1145 1385 se
1195 1340 1254 1385 de
1291 1340 1563 1402 hujusmodi
1609 1341 1848 1403 Brigandis

452 1428 781 1480 quererentur,
814 1417 1226 1480 colloquendoque
1261 1433 1648 1480 unumquemque
1682 1435 1846 1464 eorum

452 1492 533 1555 qui
560 1507 730 1537 mensae
751 1491 998 1537 adstabant
1018 1491 1311 1554 requirerent
1325 1500 1377 1536 ut
1394 1507 1525 1536 suam
1547 1491 1722 1536 diceret
1740 1493 1845 1554 opi-

450 1567 661 1625 nionem,
686 1583 892 1629 quanam
913 1567 984 1612 via
1008 1583 1087 1612 seu
1106 1567 1294 1629 ingenio
1311 1565 1638 1628 hujuscemodi
1661 1568 1846 1629 nequis-

449 1644 621 1689 simum
643 1645 893 1690 hominum
911 1661 1056 1706 genus
1076 1661 1102 1690 a
1118 1645 1277 1707 patriae
1301 1644 1472 1689 finibus
1493 1645 1637 1689 arceri
1662 1655 1839 1707 posset,

448 1736 554 1765 cum
580 1722 902 1784 unusquisque
930 1721 1204 1783 Angloiwiin,
1236 1738 1355 1767 unus
1380 1737 1540 1780 unam,
1568 1720 1683 1766 alius
1706 1721 1842 1768 aliam

449 1798 727 1843 sententiam
751 1797 954 1856 dixisset,
982 1797 1174 1842 tandem
1199 1797 1259 1843 ad
1282 1797 1413 1842 illum
1432 1797 1616 1842 bonum
1640 1797 1842 1860 presby—

448 1882 601 1918 terum
625 1873 879 1918 deventum
903 1882 986 1931 est,
1008 1874 1106 1934 qui,
1134 1873 1384 1934 requisitus
1415 1882 1466 1917 ut
1500 1882 1545 1917 et
1577 1873 1674 1935 ipse
1709 1890 1840 1920 suam

447 1951 585 1996 etiam
610 1950 784 1996 diceret
809 1950 1103 2009 sententiam,
1131 1949 1286 1995 multis
1311 1949 1563 2012 propositis
1582 1952 1841 1997 excusatio-

447 2027 607 2086 nibus,
642 2028 838 2090 rogabat
874 2037 925 2072 ut
956 2027 1082 2072 velut
1116 2027 1276 2072 talium
1311 2043 1470 2071 rerum
1504 2027 1666 2087 ignaro
1701 2037 1841 2090 atque

445 2103 689 2168 inexperto
714 2113 999 2168 parceretur,
1021 2120 1130 2148 eum
1157 2119 1243 2148 nec
1270 2101 1546 2148 sacerdotali
1562 2102 1839 2164 professioni

445 2183 717 2227 conveniret
730 2181 789 2227 de
812 2181 973 2227 talium
1001 2179 1374 2225 facinorosorum
1399 2177 1635 2241 suppliciis
1658 2179 1837 2244 discep-

443 2267 556 2304 tare.
594 2262 711 2304 Cum
739 2276 846 2305 vero
871 2260 1176 2305 nihilominus
1200 2266 1444 2319 urgeretur
1479 2265 1530 2300 ut
1562 2258 1837 2304 sententiam

440 2335 632 2394 diceret,
652 2346 811 2398 rogata
826 2338 1031 2399 primum
1043 2353 1095 2382 ac
1113 2334 1344 2399 postulata
1358 2333 1494 2378 venia
1509 2341 1575 2389 ut,
1592 2332 1628 2376 si
1644 2333 1755 2394 quid
1771 2335 1838 2380 in·

440 2412 605 2459 sulsius
629 2413 821 2471 diceret,
840 2431 931 2459 sure
944 2413 1216 2476 ignorantiis:
1234 2419 1519 2475 parceretur,
1541 2425 1643 2470 quae
1662 2409 1719 2455 ab
1738 2427 1837 2456 om-

440 2489 577 2535 nibus
602 2489 694 2535 illic
718 2490 1008 2536 adstantibus
1031 2505 1253 2536 concessa
1272 2488 1385 2544 fuit,
1407 2501 1556 2530 unum
1582 2485 1668 2530 sibi
1692 2486 1837 2532 videri

440 2581 576 2627 posse
612 2568 791 2629 apponi
817 2577 861 2613 et
884 2584 1125 2631 superesse
1158 2564 1416 2613 remedium
1444 2561 1575 2619 dixit,
1599 2561 1635 2606 si
1660 2562 1836 2624 Anglici

441 2656 604 2686 omnes
623 2643 770 2689 Gallia
800 2644 1095 2702 excederent,
1125 2652 1171 2688 et
1194 2643 1239 2687 in
1261 2639 1487 2702 Angliam,
1513 2639 1668 2683 natale
1685 2640 1835 2685 solum

441 2733 604 2762 eorum
620 2753 631 2772 ‚
673 2719 903 2779 redirent;
952 2731 1063 2766 tunc
1104 2720 1257 2775 enim,
1301 2714 1467 2781 procul
1506 2714 1678 2775 dubio,
1725 2716 1836 2778 ipsis

441 2793 742 2852 abeuntibus,
780 2797 919 2841 simul
956 2807 1001 2842 et
1034 2796 1251 2858 Brigandi
1285 2797 1332 2841 in
1367 2805 1488 2842 terra
1520 2810 1616 2841 esse
1638 2793 1837 2839 desiste—
