<?xml version="1.0" encoding="UTF-8"?>
<!DOCTYPE html PUBLIC "-//W3C//DTD XHTML 1.0 Transitional//EN"
    "http://www.w3.org/TR/xhtml1/DTD/xhtml1-transitional.dtd">
<html xmlns="http://www.w3.org/1999/xhtml" xml:lang="en" lang="en">
 <head>
  <title>
</title>
<meta http-equiv="Content-Type" content="text/html;charset=utf-8" />
  <meta name='ocr-system' content='tesseract 3.04.00' />
  <meta name='ocr-capabilities' content='ocr_page ocr_carea ocr_par ocr_line ocrx_word'/>
</head>
<body>
  <div class='ocr_page' id='page_1' title='image "./histoiredesrgn01basi_0321.png"; bbox 0 0 2037 3442; ppageno 0'>
   <div class='ocr_carea' id='block_1_1' title="bbox 720 323 1612 360">
    <p class='ocr_par' dir='ltr' id='par_1_1' title="bbox 720 323 1612 360">
     <span class='ocr_line' id='line_1_1' title="bbox 720 323 1612 360; baseline 0.001 -2"><span class='ocrx_word' id='word_1_1' title='bbox 720 324 862 358; x_wconf 87' lang='lat' dir='ltr'><strong>LIBER</strong></span> <span class='ocrx_word' id='word_1_2' title='bbox 888 323 1102 359; x_wconf 86' lang='lat' dir='ltr'><strong>TERTIUS.</strong></span> <span class='ocrx_word' id='word_1_3' title='bbox 1539 324 1612 360; x_wconf 76' lang='lat'>149</span> 
     </span>
    </p>
   </div>
   <div class='ocr_carea' id='block_1_2' title="bbox 224 402 1619 906">
    <p class='ocr_par' dir='ltr' id='par_1_2' title="bbox 224 402 1619 906">
     <span class='ocr_line' id='line_1_2' title="bbox 225 402 1616 463; baseline 0.001 -16"><span class='ocrx_word' id='word_1_4' title='bbox 225 402 348 448; x_wconf 88' lang='lat' dir='ltr'>diem</span> <span class='ocrx_word' id='word_1_5' title='bbox 385 413 429 448; x_wconf 85' lang='lat' dir='ltr'>et</span> <span class='ocrx_word' id='word_1_6' title='bbox 466 403 650 461; x_wconf 82' lang='lat' dir='ltr'>locum,</span> <span class='ocrx_word' id='word_1_7' title='bbox 689 404 746 449; x_wconf 92' lang='lat' dir='ltr'>de</span> <span class='ocrx_word' id='word_1_8' title='bbox 775 405 869 449; x_wconf 90' lang='lat' dir='ltr'>suis</span> <span class='ocrx_word' id='word_1_9' title='bbox 895 404 1160 450; x_wconf 81' lang='lat' dir='ltr'>diffidentes</span> <span class='ocrx_word' id='word_1_10' title='bbox 1188 403 1386 463; x_wconf 85' lang='lat' dir='ltr'>viribus,</span> <span class='ocrx_word' id='word_1_11' title='bbox 1423 404 1616 449; x_wconf 87' lang='lat' dir='ltr'>minime</span> 
     </span>
     <span class='ocr_line' id='line_1_3' title="bbox 225 469 1618 542; baseline 0.003 -19"><span class='ocrx_word' id='word_1_12' title='bbox 225 481 322 523; x_wconf 87' lang='lat' dir='ltr'>ausi</span> <span class='ocrx_word' id='word_1_13' title='bbox 340 490 445 524; x_wconf 88' lang='lat' dir='ltr'>sunt</span> <span class='ocrx_word' id='word_1_14' title='bbox 463 469 751 542; x_wconf 72' lang='lat' dir='ltr'>comparere.</span> <span class='ocrx_word' id='word_1_15' title='bbox 781 484 884 525; x_wconf 91' lang='lat' dir='ltr'>Non</span> <span class='ocrx_word' id='word_1_16' title='bbox 905 482 1029 526; x_wconf 89' lang='lat' dir='ltr'>enim</span> <span class='ocrx_word' id='word_1_17' title='bbox 1051 491 1164 527; x_wconf 83' lang='lat' dir='ltr'>tunc</span> <span class='ocrx_word' id='word_1_18' title='bbox 1186 481 1232 525; x_wconf 87' lang='lat' dir='ltr'>in</span> <span class='ocrx_word' id='word_1_19' title='bbox 1258 481 1390 526; x_wconf 86' lang='lat' dir='ltr'>terris</span> <span class='ocrx_word' id='word_1_20' title='bbox 1413 480 1618 526; x_wconf 86' lang='lat' dir='ltr'>illistan—</span> 
     </span>
     <span class='ocr_line' id='line_1_4' title="bbox 225 556 1618 620; baseline 0.002 -21"><span class='ocrx_word' id='word_1_21' title='bbox 225 565 318 601; x_wconf 79' lang='lat' dir='ltr'>tani</span> <span class='ocrx_word' id='word_1_22' title='bbox 343 571 534 600; x_wconf 83' lang='lat' dir='ltr'>manum</span> <span class='ocrx_word' id='word_1_23' title='bbox 558 557 756 602; x_wconf 87' lang='lat' dir='ltr'>militum</span> <span class='ocrx_word' id='word_1_24' title='bbox 784 556 1031 615; x_wconf 76' lang='lat' dir='ltr'>tenebant,</span> <span class='ocrx_word' id='word_1_25' title='bbox 1065 574 1167 620; x_wconf 65' lang='lat' dir='ltr'>quac</span> <span class='ocrx_word' id='word_1_26' title='bbox 1192 557 1251 602; x_wconf 84' lang='lat' dir='ltr'>ad</span> <span class='ocrx_word' id='word_1_27' title='bbox 1277 573 1394 620; x_wconf 74' lang='lat' dir='ltr'>opus</span> <span class='ocrx_word' id='word_1_28' title='bbox 1426 567 1520 602; x_wconf 89' lang='lat' dir='ltr'>tam</span> <span class='ocrx_word' id='word_1_29' title='bbox 1550 573 1618 602; x_wconf 82' lang='lat' dir='ltr'>ar-</span> 
     </span>
     <span class='ocr_line' id='line_1_5' title="bbox 225 629 1618 694; baseline 0.002 -21"><span class='ocrx_word' id='word_1_30' title='bbox 225 629 371 674; x_wconf 88' lang='lat' dir='ltr'>duum</span> <span class='ocrx_word' id='word_1_31' title='bbox 397 630 629 676; x_wconf 79' lang='lat' dir='ltr'>sul&#39;licicns</span> <span class='ocrx_word' id='word_1_32' title='bbox 649 649 748 677; x_wconf 84' lang='lat' dir='ltr'>esse</span> <span class='ocrx_word' id='word_1_33' title='bbox 772 642 943 694; x_wconf 87' lang='lat' dir='ltr'>posset.</span> <span class='ocrx_word' id='word_1_34' title='bbox 968 632 1102 677; x_wconf 86' lang='lat' dir='ltr'>Unde</span> <span class='ocrx_word' id='word_1_35' title='bbox 1127 631 1300 676; x_wconf 85' lang='lat' dir='ltr'>obsessi</span> <span class='ocrx_word' id='word_1_36' title='bbox 1328 631 1618 677; x_wconf 87' lang='lat' dir='ltr'>deditionem</span> 
     </span>
     <span class='ocr_line' id='line_1_6' title="bbox 224 704 1619 771; baseline 0.002 -21"><span class='ocrx_word' id='word_1_37' title='bbox 224 704 515 766; x_wconf 75' lang='lat' dir='ltr'>absolutam,</span> <span class='ocrx_word' id='word_1_38' title='bbox 547 724 602 752; x_wconf 89' lang='lat' dir='ltr'>eo</span> <span class='ocrx_word' id='word_1_39' title='bbox 631 707 759 770; x_wconf 87' lang='lat' dir='ltr'>quod</span> <span class='ocrx_word' id='word_1_40' title='bbox 785 708 975 753; x_wconf 87' lang='lat' dir='ltr'>minime</span> <span class='ocrx_word' id='word_1_41' title='bbox 1001 708 1200 771; x_wconf 83' lang='lat' dir='ltr'>protecti</span> <span class='ocrx_word' id='word_1_42' title='bbox 1225 707 1441 764; x_wconf 78' lang='lat' dir='ltr'>fuissent⁷</span> <span class='ocrx_word' id='word_1_43' title='bbox 1470 707 1619 753; x_wconf 87' lang='lat' dir='ltr'>facere</span> 
     </span>
     <span class='ocr_line' id='line_1_7' title="bbox 225 783 1619 841; baseline 0.002 -16"><span class='ocrx_word' id='word_1_44' title='bbox 225 783 373 827; x_wconf 83' lang='lat' dir='ltr'>coacti</span> <span class='ocrx_word' id='word_1_45' title='bbox 395 793 530 841; x_wconf 84' lang='lat' dir='ltr'>sunt,</span> <span class='ocrx_word' id='word_1_46' title='bbox 559 793 602 828; x_wconf 87' lang='lat' dir='ltr'>et</span> <span class='ocrx_word' id='word_1_47' title='bbox 626 785 673 829; x_wconf 90' lang='lat' dir='ltr'>in</span> <span class='ocrx_word' id='word_1_48' title='bbox 698 783 985 830; x_wconf 87' lang='lat' dir='ltr'>deditionem</span> <span class='ocrx_word' id='word_1_49' title='bbox 1017 784 1172 831; x_wconf 89' lang='lat' dir='ltr'>Caroli</span> <span class='ocrx_word' id='word_1_50' title='bbox 1203 783 1488 829; x_wconf 84' lang='lat' dir='ltr'>transierunt</span> <span class='ocrx_word' id='word_1_51' title='bbox 1511 799 1619 828; x_wconf 87' lang='lat' dir='ltr'>cum</span> 
     </span>
     <span class='ocr_line' id='line_1_8' title="bbox 226 858 1017 906; baseline 0.005 -5"><span class='ocrx_word' id='word_1_52' title='bbox 226 858 468 904; x_wconf 80' lang='lat' dir='ltr'>nonnullis</span> <span class='ocrx_word' id='word_1_53' title='bbox 500 860 696 906; x_wconf 82' lang='lat' dir='ltr'>castellis</span> <span class='ocrx_word' id='word_1_54' title='bbox 720 861 818 906; x_wconf 86' lang='lat' dir='ltr'>aliis</span> <span class='ocrx_word' id='word_1_55' title='bbox 841 861 1017 906; x_wconf 80' lang='lat' dir='ltr'>vicinis.</span> 
     </span>
    </p>
   </div>
   <div class='ocr_carea' id='block_1_3' title="bbox 663 1024 1174 1068">
    <p class='ocr_par' dir='ltr' id='par_1_3' title="bbox 663 1024 1174 1068">
     <span class='ocr_line' id='line_1_9' title="bbox 663 1024 1174 1068; baseline 0 -1"><span class='ocrx_word' id='word_1_56' title='bbox 663 1024 997 1068; x_wconf 77' lang='lat' dir='ltr'><strong>CAPITULUM</strong></span> <span class='ocrx_word' id='word_1_57' title='bbox 1035 1025 1174 1067; x_wconf 87' lang='lat' dir='ltr'>XVII.</span> 
     </span>
    </p>
   </div>
   <div class='ocr_carea' id='block_1_4' title="bbox 298 1136 1551 1232">
    <p class='ocr_par' dir='ltr' id='par_1_4' title="bbox 298 1136 1551 1232">
     <span class='ocr_line' id='line_1_10' title="bbox 298 1136 1551 1186; baseline 0 -15"><span class='ocrx_word' id='word_1_58' title='bbox 298 1138 348 1171; x_wconf 80' lang='lat' dir='ltr'>De</span> <span class='ocrx_word' id='word_1_59' title='bbox 376 1137 595 1184; x_wconf 68' lang='lat' dir='ltr'>expeditione</span> <span class='ocrx_word' id='word_1_60' title='bbox 617 1153 740 1186; x_wconf 79' lang='lat' dir='ltr'>magna</span> <span class='ocrx_word' id='word_1_61' title='bbox 767 1153 868 1185; x_wconf 82' lang='lat' dir='ltr'>quam</span> <span class='ocrx_word' id='word_1_62' title='bbox 900 1139 995 1184; x_wconf 84' lang='lat' dir='ltr'>prior</span> <span class='ocrx_word' id='word_1_63' title='bbox 1020 1138 1090 1172; x_wconf 82' lang='lat' dir='ltr'>dux</span> <span class='ocrx_word' id='word_1_64' title='bbox 1117 1136 1338 1172; x_wconf 80' lang='lat' dir='ltr'>Summerseti</span> <span class='ocrx_word' id='word_1_65' title='bbox 1360 1138 1491 1184; x_wconf 84' lang='lat' dir='ltr'>trajecit</span> <span class='ocrx_word' id='word_1_66' title='bbox 1518 1138 1551 1171; x_wconf 91' lang='lat' dir='ltr'>in</span> 
     </span>
     <span class='ocr_line' id='line_1_11' title="bbox 819 1199 1012 1232; baseline 0.005 -1"><span class='ocrx_word' id='word_1_67' title='bbox 819 1199 1012 1232; x_wconf 81' lang='lat' dir='ltr'>Franciam.</span> 
     </span>
    </p>
   </div>
   <div class='ocr_carea' id='block_1_5' title="bbox 228 1294 1627 2512">
    <p class='ocr_par' dir='ltr' id='par_1_5' title="bbox 228 1294 1627 2512">
     <span class='ocr_line' id='line_1_12' title="bbox 295 1294 1624 1360; baseline 0.002 -21"><span class='ocrx_word' id='word_1_68' title='bbox 295 1297 362 1339; x_wconf 86' lang='lat' dir='ltr'>Eo</span> <span class='ocrx_word' id='word_1_69' title='bbox 386 1305 540 1341; x_wconf 82' lang='lat' dir='ltr'>autem</span> <span class='ocrx_word' id='word_1_70' title='bbox 564 1312 694 1358; x_wconf 78' lang='lat' dir='ltr'>paene</span> <span class='ocrx_word' id='word_1_71' title='bbox 717 1305 954 1358; x_wconf 77' lang='lat' dir='ltr'>tempore,</span> <span class='ocrx_word' id='word_1_72' title='bbox 991 1294 1185 1357; x_wconf 88' lang='lat' dir='ltr'>quidam</span> <span class='ocrx_word' id='word_1_73' title='bbox 1208 1295 1463 1357; x_wconf 82' lang='lat' dir='ltr'>Anglorum</span> <span class='ocrx_word' id='word_1_74' title='bbox 1492 1298 1624 1360; x_wconf 79' lang='lat' dir='ltr'>prin-</span> 
     </span>
     <span class='ocr_line' id='line_1_13' title="bbox 231 1371 1623 1433; baseline 0.002 -18"><span class='ocrx_word' id='word_1_75' title='bbox 231 1387 365 1433; x_wconf 84' lang='lat' dir='ltr'>ceps,</span> <span class='ocrx_word' id='word_1_76' title='bbox 390 1371 485 1416; x_wconf 65' lang='lat' dir='ltr'>dux</span> <span class='ocrx_word' id='word_1_77' title='bbox 512 1373 847 1429; x_wconf 83' lang='lat' dir='ltr'>Summerseti¹7</span> <span class='ocrx_word' id='word_1_78' title='bbox 870 1389 991 1416; x_wconf 89' lang='lat' dir='ltr'>unus</span> <span class='ocrx_word' id='word_1_79' title='bbox 1016 1388 1071 1417; x_wconf 77' lang='lat' dir='ltr'>ex</span> <span class='ocrx_word' id='word_1_80' title='bbox 1094 1371 1348 1432; x_wconf 65' lang='lat' dir='ltr'>majoribus</span> <span class='ocrx_word' id='word_1_81' title='bbox 1375 1373 1506 1433; x_wconf 83' lang='lat' dir='ltr'>regni</span> <span class='ocrx_word' id='word_1_82' title='bbox 1533 1377 1623 1418; x_wconf 85' lang='lat' dir='ltr'>An-</span> 
     </span>
     <span class='ocr_line' id='line_1_14' title="bbox 228 1447 1626 1513; baseline 0.001 -21"><span class='ocrx_word' id='word_1_83' title='bbox 228 1447 344 1509; x_wconf 64' lang='lat' dir='ltr'>glize,</span> <span class='ocrx_word' id='word_1_84' title='bbox 369 1448 514 1493; x_wconf 87' lang='lat' dir='ltr'>homo</span> <span class='ocrx_word' id='word_1_85' title='bbox 544 1449 701 1494; x_wconf 90' lang='lat' dir='ltr'>animo</span> <span class='ocrx_word' id='word_1_86' title='bbox 729 1449 847 1493; x_wconf 83' lang='lat' dir='ltr'>ultra</span> <span class='ocrx_word' id='word_1_87' title='bbox 879 1448 1075 1493; x_wconf 88' lang='lat' dir='ltr'>modum</span> <span class='ocrx_word' id='word_1_88' title='bbox 1110 1447 1254 1493; x_wconf 88' lang='lat' dir='ltr'>elatus</span> <span class='ocrx_word' id='word_1_89' title='bbox 1294 1458 1338 1493; x_wconf 90' lang='lat' dir='ltr'>et</span> <span class='ocrx_word' id='word_1_90' title='bbox 1373 1465 1626 1513; x_wconf 62' lang='lat' dir='ltr'>praesump-</span> 
     </span>
     <span class='ocr_line' id='line_1_15' title="bbox 239 1524 1626 1587; baseline 0.001 -18"><span class='ocrx_word' id='word_1_91' title='bbox 239 1534 416 1582; x_wconf 80' lang='lat' dir='ltr'>tuosus,</span> <span class='ocrx_word' id='word_1_92' title='bbox 443 1524 525 1569; x_wconf 85' lang='lat' dir='ltr'>sed</span> <span class='ocrx_word' id='word_1_93' title='bbox 549 1526 595 1569; x_wconf 91' lang='lat' dir='ltr'>in</span> <span class='ocrx_word' id='word_1_94' title='bbox 618 1541 759 1587; x_wconf 82' lang='lat' dir='ltr'>opere</span> <span class='ocrx_word' id='word_1_95' title='bbox 782 1534 827 1569; x_wconf 89' lang='lat' dir='ltr'>et</span> <span class='ocrx_word' id='word_1_96' title='bbox 850 1524 1019 1569; x_wconf 76' lang='lat' dir='ltr'>effectu</span> <span class='ocrx_word' id='word_1_97' title='bbox 1040 1539 1187 1568; x_wconf 85' lang='lat' dir='ltr'>vanus</span> <span class='ocrx_word' id='word_1_98' title='bbox 1219 1533 1264 1569; x_wconf 86' lang='lat' dir='ltr'>et</span> <span class='ocrx_word' id='word_1_99' title='bbox 1285 1524 1472 1584; x_wconf 79' lang='lat' dir='ltr'>efficax,</span> <span class='ocrx_word' id='word_1_100' title='bbox 1495 1526 1626 1572; x_wconf 79' lang='lat' dir='ltr'>duxit</span> 
     </span>
     <span class='ocr_line' id='line_1_16' title="bbox 228 1602 1624 1663; baseline 0.001 -18"><span class='ocrx_word' id='word_1_101' title='bbox 228 1602 274 1646; x_wconf 91' lang='lat' dir='ltr'>in</span> <span class='ocrx_word' id='word_1_102' title='bbox 310 1602 649 1646; x_wconf 81' lang='lat' dir='ltr'>Normanniam</span> <span class='ocrx_word' id='word_1_103' title='bbox 687 1617 910 1663; x_wconf 80' lang='lat' dir='ltr'>magnum</span> <span class='ocrx_word' id='word_1_104' title='bbox 941 1610 985 1645; x_wconf 87' lang='lat' dir='ltr'>et</span> <span class='ocrx_word' id='word_1_105' title='bbox 1010 1609 1249 1663; x_wconf 87' lang='lat' dir='ltr'>potentem</span> <span class='ocrx_word' id='word_1_106' title='bbox 1284 1602 1537 1647; x_wconf 78' lang='lat' dir='ltr'>exercitum</span> <span class='ocrx_word' id='word_1_107' title='bbox 1569 1619 1624 1647; x_wconf 83' lang='lat' dir='ltr'>ex</span> 
     </span>
     <span class='ocr_line' id='line_1_17' title="bbox 229 1677 1626 1740; baseline 0.001 -17"><span class='ocrx_word' id='word_1_108' title='bbox 229 1678 532 1723; x_wconf 87' lang='lat' dir='ltr'>ordinatione</span> <span class='ocrx_word' id='word_1_109' title='bbox 571 1694 823 1740; x_wconf 85' lang='lat' dir='ltr'>procerum</span> <span class='ocrx_word' id='word_1_110' title='bbox 864 1677 991 1738; x_wconf 83' lang='lat' dir='ltr'>regni</span> <span class='ocrx_word' id='word_1_111' title='bbox 1028 1677 1217 1738; x_wconf 75' lang='lat' dir='ltr'>Angliae3</span> <span class='ocrx_word' id='word_1_112' title='bbox 1253 1678 1422 1739; x_wconf 84' lang='lat' dir='ltr'>quibus</span> <span class='ocrx_word' id='word_1_113' title='bbox 1457 1695 1626 1740; x_wconf 83' lang='lat' dir='ltr'>magna</span> 
     </span>
     <span class='ocr_line' id='line_1_18' title="bbox 228 1753 1624 1818; baseline 0.001 -19"><span class='ocrx_word' id='word_1_114' title='bbox 228 1755 450 1816; x_wconf 77' lang='lat' dir='ltr'>quaedam</span> <span class='ocrx_word' id='word_1_115' title='bbox 473 1764 518 1799; x_wconf 87' lang='lat' dir='ltr'>et</span> <span class='ocrx_word' id='word_1_116' title='bbox 543 1753 756 1799; x_wconf 87' lang='lat' dir='ltr'>miranda</span> <span class='ocrx_word' id='word_1_117' title='bbox 782 1771 829 1799; x_wconf 90' lang='lat' dir='ltr'>se</span> <span class='ocrx_word' id='word_1_118' title='bbox 861 1755 1089 1799; x_wconf 85' lang='lat' dir='ltr'>facturum</span> <span class='ocrx_word' id='word_1_119' title='bbox 1117 1754 1165 1798; x_wconf 91' lang='lat' dir='ltr'>in</span> <span class='ocrx_word' id='word_1_120' title='bbox 1191 1755 1382 1800; x_wconf 84' lang='lat' dir='ltr'>Francia</span> <span class='ocrx_word' id='word_1_121' title='bbox 1407 1772 1624 1818; x_wconf 81' lang='lat' dir='ltr'>spopon-</span> 
     </span>
     <span class='ocr_line' id='line_1_19' title="bbox 229 1829 1626 1890; baseline 0.001 -15"><span class='ocrx_word' id='word_1_122' title='bbox 229 1831 359 1876; x_wconf 87' lang='lat' dir='ltr'>derat</span> <span class='ocrx_word' id='word_1_123' title='bbox 380 1866 391 1887; x_wconf 92' lang='lat'><strong><em>,</em></strong></span> <span class='ocrx_word' id='word_1_124' title='bbox 419 1831 455 1875; x_wconf 89' lang='lat' dir='ltr'>si</span> <span class='ocrx_word' id='word_1_125' title='bbox 479 1830 567 1875; x_wconf 86' lang='lat' dir='ltr'>sibi</span> <span class='ocrx_word' id='word_1_126' title='bbox 591 1829 787 1875; x_wconf 82' lang='lat' dir='ltr'>ducatus</span> <span class='ocrx_word' id='word_1_127' title='bbox 810 1830 983 1875; x_wconf 80' lang='lat' dir='ltr'>militiae</span> <span class='ocrx_word' id='word_1_128' title='bbox 1006 1829 1266 1890; x_wconf 79' lang='lat' dir='ltr'>Anglicanae</span> <span class='ocrx_word' id='word_1_129' title='bbox 1284 1831 1552 1877; x_wconf 78' lang='lat' dir='ltr'>crederetur</span> <span class='ocrx_word' id='word_1_130' title='bbox 1581 1842 1626 1878; x_wconf 82' lang='lat' dir='ltr'>et</span> 
     </span>
     <span class='ocr_line' id='line_1_20' title="bbox 229 1907 1626 1971; baseline 0.001 -19"><span class='ocrx_word' id='word_1_131' title='bbox 229 1908 563 1952; x_wconf 84' lang='lat' dir='ltr'>comitteretur.</span> <span class='ocrx_word' id='word_1_132' title='bbox 586 1907 737 1967; x_wconf 77' lang='lat' dir='ltr'>Unde,</span> <span class='ocrx_word' id='word_1_133' title='bbox 757 1924 864 1952; x_wconf 89' lang='lat' dir='ltr'>cum</span> <span class='ocrx_word' id='word_1_134' title='bbox 883 1908 975 1952; x_wconf 87' lang='lat' dir='ltr'>suis</span> <span class='ocrx_word' id='word_1_135' title='bbox 994 1907 1381 1970; x_wconf 83' lang='lat' dir='ltr'>promissionibus</span> <span class='ocrx_word' id='word_1_136' title='bbox 1397 1908 1454 1953; x_wconf 84' lang='lat' dir='ltr'>ab</span> <span class='ocrx_word' id='word_1_137' title='bbox 1470 1909 1626 1971; x_wconf 83' lang='lat' dir='ltr'>Anglis</span> 
     </span>
     <span class='ocr_line' id='line_1_21' title="bbox 230 1983 1625 2047; baseline 0.003 -18"><span class='ocrx_word' id='word_1_138' title='bbox 230 1984 344 2029; x_wconf 72' lang='lat' dir='ltr'>fides</span> <span class='ocrx_word' id='word_1_139' title='bbox 369 1995 415 2029; x_wconf 84' lang='lat' dir='ltr'>et</span> <span class='ocrx_word' id='word_1_140' title='bbox 453 1985 656 2030; x_wconf 84' lang='lat' dir='ltr'>assensio</span> <span class='ocrx_word' id='word_1_141' title='bbox 681 1994 1005 2047; x_wconf 74' lang='lat' dir='ltr'>praestaretur,</span> <span class='ocrx_word' id='word_1_142' title='bbox 1046 1983 1247 2029; x_wconf 86' lang='lat' dir='ltr'>obtinuit</span> <span class='ocrx_word' id='word_1_143' title='bbox 1280 1995 1332 2030; x_wconf 86' lang='lat' dir='ltr'>ut</span> <span class='ocrx_word' id='word_1_144' title='bbox 1364 1985 1456 2030; x_wconf 85' lang='lat' dir='ltr'>dux</span> <span class='ocrx_word' id='word_1_145' title='bbox 1482 1988 1625 2033; x_wconf 82' lang='lat' dir='ltr'>totius</span> 
     </span>
     <span class='ocr_line' id='line_1_22' title="bbox 230 2062 1626 2124; baseline 0.003 -18"><span class='ocrx_word' id='word_1_146' title='bbox 230 2062 458 2107; x_wconf 80' lang='lat' dir='ltr'>exercitus</span> <span class='ocrx_word' id='word_1_147' title='bbox 481 2072 729 2107; x_wconf 83' lang='lat' dir='ltr'>crearetur.</span> <span class='ocrx_word' id='word_1_148' title='bbox 757 2063 917 2123; x_wconf 80' lang='lat' dir='ltr'>Igitur,</span> <span class='ocrx_word' id='word_1_149' title='bbox 949 2072 1109 2124; x_wconf 82' lang='lat' dir='ltr'>parata</span> <span class='ocrx_word' id='word_1_150' title='bbox 1132 2062 1276 2108; x_wconf 83' lang='lat' dir='ltr'>classe</span> <span class='ocrx_word' id='word_1_151' title='bbox 1300 2064 1420 2108; x_wconf 78' lang='lat' dir='ltr'>ultra</span> <span class='ocrx_word' id='word_1_152' title='bbox 1448 2075 1626 2110; x_wconf 86' lang='lat' dir='ltr'>trecen-</span> 
     </span>
     <span class='ocr_line' id='line_1_23' title="bbox 237 2137 1625 2199; baseline 0.002 -15"><span class='ocrx_word' id='word_1_153' title='bbox 237 2149 387 2184; x_wconf 88' lang='lat' dir='ltr'>tarum</span> <span class='ocrx_word' id='word_1_154' title='bbox 414 2139 604 2184; x_wconf 84' lang='lat' dir='ltr'>navium</span> <span class='ocrx_word' id='word_1_155' title='bbox 627 2138 675 2182; x_wconf 88' lang='lat' dir='ltr'>in</span> <span class='ocrx_word' id='word_1_156' title='bbox 702 2138 855 2182; x_wconf 79' lang='lat' dir='ltr'>littore</span> <span class='ocrx_word' id='word_1_157' title='bbox 896 2137 1180 2199; x_wconf 85' lang='lat' dir='ltr'>Anglicano‚</span> <span class='ocrx_word' id='word_1_158' title='bbox 1211 2149 1256 2184; x_wconf 82' lang='lat' dir='ltr'>et</span> <span class='ocrx_word' id='word_1_159' title='bbox 1290 2140 1518 2186; x_wconf 88' lang='lat' dir='ltr'>instructo</span> <span class='ocrx_word' id='word_1_160' title='bbox 1551 2158 1625 2187; x_wconf 86' lang='lat' dir='ltr'>ar—</span> 
     </span>
     <span class='ocr_line' id='line_1_24' title="bbox 234 2215 1626 2279; baseline 0.002 -18"><span class='ocrx_word' id='word_1_161' title='bbox 234 2218 344 2273; x_wconf 81' lang='lat' dir='ltr'>mis,</span> <span class='ocrx_word' id='word_1_162' title='bbox 373 2217 530 2279; x_wconf 76' lang='lat' dir='ltr'>equis,</span> <span class='ocrx_word' id='word_1_163' title='bbox 559 2216 827 2277; x_wconf 77' lang='lat' dir='ltr'>caeterisque</span> <span class='ocrx_word' id='word_1_164' title='bbox 847 2215 906 2260; x_wconf 88' lang='lat' dir='ltr'>ad</span> <span class='ocrx_word' id='word_1_165' title='bbox 929 2226 1206 2279; x_wconf 84' lang='lat' dir='ltr'>apparatum</span> <span class='ocrx_word' id='word_1_166' title='bbox 1224 2216 1331 2262; x_wconf 80' lang='lat' dir='ltr'>belli</span> <span class='ocrx_word' id='word_1_167' title='bbox 1354 2220 1626 2265; x_wconf 81' lang='lat' dir='ltr'>necessariis</span> 
     </span>
     <span class='ocr_line' id='line_1_25' title="bbox 231 2293 1627 2359; baseline 0.001 -19"><span class='ocrx_word' id='word_1_168' title='bbox 231 2296 434 2341; x_wconf 75' lang='lat' dir='ltr'>exercitu</span> <span class='ocrx_word' id='word_1_169' title='bbox 454 2331 464 2350; x_wconf 81' lang='lat'>‚</span> <span class='ocrx_word' id='word_1_170' title='bbox 494 2311 602 2339; x_wconf 87' lang='lat' dir='ltr'>cum</span> <span class='ocrx_word' id='word_1_171' title='bbox 637 2310 719 2339; x_wconf 89' lang='lat' dir='ltr'>sua</span> <span class='ocrx_word' id='word_1_172' title='bbox 746 2293 888 2339; x_wconf 79' lang='lat' dir='ltr'>classe</span> <span class='ocrx_word' id='word_1_173' title='bbox 915 2295 1185 2340; x_wconf 84' lang='lat' dir='ltr'>transmisso</span> <span class='ocrx_word' id='word_1_174' title='bbox 1219 2295 1336 2340; x_wconf 82' lang='lat' dir='ltr'>freto</span> <span class='ocrx_word' id='word_1_175' title='bbox 1357 2331 1368 2353; x_wconf 77' lang='lat'><strong><em>⁷</em></strong></span> <span class='ocrx_word' id='word_1_176' title='bbox 1402 2296 1627 2359; x_wconf 81' lang='lat' dir='ltr'>applicuit</span> 
     </span>
     <span class='ocr_line' id='line_1_26' title="bbox 231 2370 1625 2434; baseline 0.001 -18"><span class='ocrx_word' id='word_1_177' title='bbox 231 2372 288 2416; x_wconf 87' lang='lat' dir='ltr'>ad</span> <span class='ocrx_word' id='word_1_178' title='bbox 309 2372 494 2417; x_wconf 89' lang='lat' dir='ltr'>ultimos</span> <span class='ocrx_word' id='word_1_179' title='bbox 516 2370 631 2416; x_wconf 80' lang='lat' dir='ltr'>fines</span> <span class='ocrx_word' id='word_1_180' title='bbox 652 2371 964 2430; x_wconf 80' lang='lat' dir='ltr'>Normanniae,</span> <span class='ocrx_word' id='word_1_181' title='bbox 993 2371 1052 2416; x_wconf 90' lang='lat' dir='ltr'>ad</span> <span class='ocrx_word' id='word_1_182' title='bbox 1073 2371 1302 2434; x_wconf 84' lang='lat' dir='ltr'>oppidum</span> <span class='ocrx_word' id='word_1_183' title='bbox 1322 2388 1402 2417; x_wconf 86' lang='lat' dir='ltr'>seu</span> <span class='ocrx_word' id='word_1_184' title='bbox 1423 2383 1625 2418; x_wconf 84' lang='lat' dir='ltr'>castrum</span> 
     </span>
     <span class='ocr_line' id='line_1_27' title="bbox 231 2449 1626 2512; baseline 0.001 -18"><span class='ocrx_word' id='word_1_185' title='bbox 231 2450 305 2494; x_wconf 89' lang='lat' dir='ltr'>cui</span> <span class='ocrx_word' id='word_1_186' title='bbox 342 2466 516 2495; x_wconf 89' lang='lat' dir='ltr'>nomen</span> <span class='ocrx_word' id='word_1_187' title='bbox 542 2459 610 2494; x_wconf 86' lang='lat' dir='ltr'>est</span> <span class='ocrx_word' id='word_1_188' title='bbox 633 2449 1073 2512; x_wconf 46' lang='lat' dir='ltr'>Caesaris-Burgus?</span> <span class='ocrx_word' id='word_1_189' title='bbox 1114 2449 1204 2494; x_wconf 75' lang='lat' dir='ltr'>Ubi</span> <span class='ocrx_word' id='word_1_190' title='bbox 1238 2466 1346 2495; x_wconf 84' lang='lat' dir='ltr'>cum</span> <span class='ocrx_word' id='word_1_191' title='bbox 1373 2452 1626 2497; x_wconf 82' lang='lat' dir='ltr'>exercitum</span> 
     </span>
    </p>
   </div>
   <div class='ocr_carea' id='block_1_6' title="bbox 232 2586 1627 2816">
    <p class='ocr_par' dir='ltr' id='par_1_6' title="bbox 232 2586 1627 2756">
     <span class='ocr_line' id='line_1_28' title="bbox 285 2586 1626 2637; baseline 0.001 -14"><span class='ocrx_word' id='word_1_192' title='bbox 285 2589 320 2623; x_wconf 76' lang='lat'>1.</span> <span class='ocrx_word' id='word_1_193' title='bbox 354 2586 452 2623; x_wconf 83' lang='lat' dir='ltr'>John</span> <span class='ocrx_word' id='word_1_194' title='bbox 472 2587 649 2624; x_wconf 84' lang='lat' dir='ltr'>Beaufort</span> <span class='ocrx_word' id='word_1_195' title='bbox 666 2590 764 2633; x_wconf 85' lang='lat' dir='ltr'>(non</span> <span class='ocrx_word' id='word_1_196' title='bbox 784 2601 849 2637; x_wconf 83' lang='lat' dir='ltr'>pas</span> <span class='ocrx_word' id='word_1_197' title='bbox 872 2590 1004 2634; x_wconf 82' lang='lat' dir='ltr'>Henry</span> <span class='ocrx_word' id='word_1_198' title='bbox 1023 2599 1169 2623; x_wconf 85' lang='lat' dir='ltr'>comme</span> <span class='ocrx_word' id='word_1_199' title='bbox 1191 2586 1216 2622; x_wconf 90' lang='lat' dir='ltr'>il</span> <span class='ocrx_word' id='word_1_200' title='bbox 1236 2599 1257 2623; x_wconf 89' lang='lat' dir='ltr'>a</span> <span class='ocrx_word' id='word_1_201' title='bbox 1276 2586 1333 2623; x_wconf 74' lang='lat' dir='ltr'>ete</span> <span class='ocrx_word' id='word_1_202' title='bbox 1354 2586 1405 2623; x_wconf 87' lang='lat' dir='ltr'>dit</span> <span class='ocrx_word' id='word_1_203' title='bbox 1426 2587 1626 2633; x_wconf 84' lang='lat' dir='ltr'>ci-dessus,</span> 
     </span>
     <span class='ocr_line' id='line_1_29' title="bbox 232 2645 1627 2697; baseline 0.001 -16"><span class='ocrx_word' id='word_1_204' title='bbox 232 2659 269 2695; x_wconf 87' lang='lat' dir='ltr'>p.</span> <span class='ocrx_word' id='word_1_205' title='bbox 294 2647 387 2692; x_wconf 75' lang='lat'>133)</span> <span class='ocrx_word' id='word_1_206' title='bbox 403 2675 412 2690; x_wconf 85' lang='lat'>‚</span> <span class='ocrx_word' id='word_1_207' title='bbox 443 2645 571 2695; x_wconf 81' lang='lat' dir='ltr'>prince</span> <span class='ocrx_word' id='word_1_208' title='bbox 592 2645 642 2682; x_wconf 86' lang='lat' dir='ltr'>(lu</span> <span class='ocrx_word' id='word_1_209' title='bbox 663 2659 755 2697; x_wconf 81' lang='lat' dir='ltr'>sang</span> <span class='ocrx_word' id='word_1_210' title='bbox 781 2646 827 2682; x_wconf 87' lang='lat' dir='ltr'>de</span> <span class='ocrx_word' id='word_1_211' title='bbox 846 2649 1061 2682; x_wconf 87' lang='lat' dir='ltr'>Lancastre.</span> <span class='ocrx_word' id='word_1_212' title='bbox 1084 2647 1141 2681; x_wconf 92' lang='lat' dir='ltr'>On</span> <span class='ocrx_word' id='word_1_213' title='bbox 1160 2645 1336 2695; x_wconf 82' lang='lat' dir='ltr'>l’appelle</span> <span class='ocrx_word' id='word_1_214' title='bbox 1351 2650 1460 2693; x_wconf 78' lang='lat' dir='ltr'>prior</span> <span class='ocrx_word' id='word_1_215' title='bbox 1482 2645 1574 2684; x_wconf 80' lang='lat' dir='ltr'>dans</span> <span class='ocrx_word' id='word_1_216' title='bbox 1592 2647 1627 2683; x_wconf 86' lang='lat' dir='ltr'>le</span> 
     </span>
     <span class='ocr_line' id='line_1_30' title="bbox 234 2703 1603 2756; baseline 0.002 -17"><span class='ocrx_word' id='word_1_217' title='bbox 234 2703 318 2741; x_wconf 88' lang='lat' dir='ltr'>titre</span> <span class='ocrx_word' id='word_1_218' title='bbox 338 2717 434 2754; x_wconf 89' lang='lat' dir='ltr'>pour</span> <span class='ocrx_word' id='word_1_219' title='bbox 455 2704 488 2741; x_wconf 91' lang='lat' dir='ltr'>le</span> <span class='ocrx_word' id='word_1_220' title='bbox 512 2704 720 2755; x_wconf 81' lang='lat' dir='ltr'>distinguer</span> <span class='ocrx_word' id='word_1_221' title='bbox 740 2704 786 2741; x_wconf 83' lang='lat' dir='ltr'>(le</span> <span class='ocrx_word' id='word_1_222' title='bbox 807 2718 874 2742; x_wconf 91' lang='lat' dir='ltr'>son</span> <span class='ocrx_word' id='word_1_223' title='bbox 895 2704 994 2740; x_wconf 74' lang='lat' dir='ltr'>frere</span> <span class='ocrx_word' id='word_1_224' title='bbox 1009 2732 1018 2749; x_wconf 85' lang='lat'>,</span> <span class='ocrx_word' id='word_1_225' title='bbox 1041 2703 1114 2741; x_wconf 90' lang='lat' dir='ltr'>duc</span> <span class='ocrx_word' id='word_1_226' title='bbox 1133 2704 1179 2740; x_wconf 91' lang='lat' dir='ltr'>de</span> <span class='ocrx_word' id='word_1_227' title='bbox 1198 2708 1388 2742; x_wconf 86' lang='lat' dir='ltr'>Somerset</span> <span class='ocrx_word' id='word_1_228' title='bbox 1405 2706 1514 2756; x_wconf 73' lang='lat' dir='ltr'>apres</span> <span class='ocrx_word' id='word_1_229' title='bbox 1537 2706 1603 2743; x_wconf 90' lang='lat' dir='ltr'>lui.</span> 
     </span>
    </p>

    <p class='ocr_par' dir='ltr' id='par_1_7' title="bbox 284 2765 1555 2816">
     <span class='ocr_line' id='line_1_31' title="bbox 284 2765 1555 2816; baseline 0 -15"><span class='ocrx_word' id='word_1_230' title='bbox 284 2767 322 2807; x_wconf 65' lang='grc' dir='ltr'>Ξ),</span> <span class='ocrx_word' id='word_1_231' title='bbox 353 2765 588 2816; x_wconf 78' lang='lat' dir='ltr'>Clierbourg.</span> <span class='ocrx_word' id='word_1_232' title='bbox 615 2768 667 2803; x_wconf 88' lang='lat' dir='ltr'>Le</span> <span class='ocrx_word' id='word_1_233' title='bbox 691 2767 763 2805; x_wconf 90' lang='lat' dir='ltr'>duc</span> <span class='ocrx_word' id='word_1_234' title='bbox 782 2765 828 2803; x_wconf 89' lang='lat' dir='ltr'>de</span> <span class='ocrx_word' id='word_1_235' title='bbox 849 2767 1038 2804; x_wconf 86' lang='lat' dir='ltr'>Somerset</span> <span class='ocrx_word' id='word_1_236' title='bbox 1055 2780 1080 2815; x_wconf 90' lang='lat' dir='ltr'>y</span> <span class='ocrx_word' id='word_1_237' title='bbox 1098 2765 1241 2804; x_wconf 78' lang='lat' dir='ltr'>aboi-da</span> <span class='ocrx_word' id='word_1_238' title='bbox 1263 2779 1310 2803; x_wconf 93' lang='lat' dir='ltr'>en</span> <span class='ocrx_word' id='word_1_239' title='bbox 1330 2767 1420 2803; x_wconf 77' lang='lat' dir='ltr'>aout</span> <span class='ocrx_word' id='word_1_240' title='bbox 1440 2767 1456 2801; x_wconf 79' lang='lat'><strong>1</strong></span> <span class='ocrx_word' id='word_1_241' title='bbox 1473 2768 1555 2805; x_wconf 68' lang='lat'>143.</span> 
     </span>
    </p>
   </div>
  </div>
 </body>
</html>
