2037 3442
706 287 847 322 LIBER
875 288 1069 324 PRIMUS.
1524 285 1571 319 33

183 364 404 426 solymis,
443 383 549 411 cum
592 384 618 412 a
655 370 973 413 Romanorum
1007 369 1212 414 exercitu
1261 365 1571 422 obsideretur,

183 440 346 486 eadem
376 458 507 504 paene
529 442 705 500 cladeS,
735 453 832 488 tum
858 461 910 489 ex
936 444 1080 501 fame,
1116 453 1215 488 tum
1250 459 1302 488 ex
1329 442 1574 488 subsecuta

182 516 291 561 inde
313 518 559 563 saevissima
581 529 725 581 peste,
754 519 876 564 hanc
905 519 1069 565 urbem
1089 519 1290 564 affecerit
1318 528 1455 580 atque
1479 534 1576 563 vas-

183 593 363 652 taverit,
392 595 467 639 «si
488 610 626 656 parva
642 595 748 640 licet
769 612 1054 658 componere
1078 595 1270 655 magnis.
1299 613 1320 637 »
1348 598 1576 639 Feruntur

182 669 305 713 enim
337 669 602 727 obsidione,
638 671 754 717 fame
786 671 984 734 tabeque
1005 671 1272 732 consumpti
1304 671 1423 715 ultra
1450 686 1577 716 sexa-

184 745 310 805 ginta
337 745 478 791 millia
502 746 767 792 hominum.

246 824 363 867 Cum
387 832 542 867 autem
571 824 708 868 tantis
740 823 1033 869 afficerentur
1057 822 1212 878 malis,
1237 821 1394 867 adhuc
1419 831 1576 866 tamen

184 913 281 942 sese
302 898 473 944 dedere
499 899 843 957 detrectabant,
873 909 970 944 tum
994 909 1186 962 propter
1212 898 1461 943 horrorem
1490 914 1575 941 no-

186 973 319 1017 minis
357 974 634 1034 Anglorum,
668 975 747 1036 qui
777 984 886 1018 tunc
916 973 1079 1018 incolis
1115 984 1245 1019 terrae
1276 973 1416 1017 nimis
1445 973 1578 1017 inco·

185 1050 323 1110 gniti,
355 1051 460 1095 licet
493 1052 802 1112 interjacentis
838 1050 937 1095 freti
964 1051 1114 1114 spatio
1142 1050 1250 1095 satis
1283 1048 1473 1094 modico
1507 1049 1579 1093 di—

185 1127 290 1184 visi,
323 1127 475 1188 potius
524 1126 815 1172 ferocissimae
848 1126 1026 1183 belluae,
1072 1141 1213 1187 quam
1255 1124 1472 1170 homines
1489 1161 1500 1183 ,
1551 1140 1575 1169 a

183 1203 418 1264 plerisque
441 1202 823 1265 simplicioribus,
854 1212 905 1247 ut
934 1201 1254 1264 praediximus,
1283 1201 1578 1248 aestimaban-

183 1287 283 1331 tur3
327 1287 426 1322 tum
461 1280 598 1324 etiam
633 1279 741 1341 quia
774 1277 1089 1341 quorumdam
1124 1277 1408 1323 factionibus
1445 1279 1573 1340 (qui,

182 1370 276 1415 quo
297 1354 343 1398 id
362 1355 517 1399 animo
539 1355 758 1407 facerent,
783 1355 1092 1417 ignoramus),
1116 1355 1307 1417 singulis
1324 1372 1457 1418 paene
1480 1356 1577 1400 die-

181 1430 268 1476 bus
291 1430 469 1476 civibus
490 1431 778 1476 asserebatur
804 1430 936 1476 brevi
962 1431 1351 1492 Burgundionum
1376 1430 1574 1490 ducem,

181 1509 260 1570 qui
296 1517 408 1553 tunc
448 1508 626 1553 Parisiis
667 1517 762 1553 erat
804 1524 911 1553 cum
946 1524 1053 1569 rege
1089 1524 1196 1552 cum
1236 1507 1391 1553 valida
1436 1524 1578 1553 manu

180 1584 351 1631 auxilio
380 1586 672 1645 adfuturum,
706 1587 835 1648 cujus
868 1603 957 1649 ope
993 1596 1038 1631 et
1072 1585 1385 1631 subventione
1429 1596 1577 1632 castra

181 1661 434 1722 Anglorum
462 1672 801 1724 expugnarent,
830 1673 875 1707 et
905 1679 1002 1708 sese
1027 1662 1285 1707 obsidionis
1312 1663 1575 1708 incommo-

179 1736 249 1782 dis
273 1737 541 1783 liberarent.
567 1741 621 1782 Et
645 1748 695 1783 ut
717 1738 855 1800 hujus
880 1739 945 1784 rei
967 1737 1080 1783 fides
1107 1737 1303 1784 validius
1321 1739 1489 1783 animis
1514 1739 1576 1784 ci-

179 1815 306 1860 vium
340 1817 701 1879 imprimeretur,
732 1815 1029 1878 fingebantur
1051 1814 1288 1861 interdum
1316 1825 1360 1860 et
1386 1816 1567 1873 nuntia,

181 1901 224 1935 et
248 1892 453 1955 epistolae
481 1893 623 1955 ipsius
655 1892 785 1937 ducis
816 1894 1008 1937 nomine
1032 1892 1092 1937 ad
1119 1892 1243 1937 cives
1266 1892 1569 1951 transmissae,

180 1986 281 2030 quae
302 1970 440 2015 etiam
466 1969 649 2033 publice
680 1969 967 2029 legerentur,
997 1968 1167 2031 quibus
1190 1969 1466 2032 pollicitatio
1489 1969 1570 2015 fie-

180 2044 259 2090 bat
288 2062 395 2090 eum
430 2046 488 2090 ad
521 2055 701 2090 certum
727 2055 769 2090 et
795 2045 1074 2108 praefinitum
1098 2045 1223 2089 diem
1249 2045 1501 2091 adventare
1528 2056 1574 2090 et

180 2122 354 2167 eisdem
379 2122 540 2168 solatia
563 2122 845 2167 defensionis
862 2121 1163 2184 praebiturum
1180 2138 1294 2168 esse.
1318 2124 1431 2178 Quae
1452 2139 1571 2168 vana

180 2206 224 2241 et
248 2196 407 2242 delusa
426 2197 709 2242 confidentia
731 2213 828 2241 non
855 2213 1019 2259 parum
1035 2196 1187 2242 obfuit
1210 2198 1407 2254 civitati3
1437 2198 1565 2260 quia,

179 2274 216 2318 si
241 2275 465 2319 maturius
492 2292 576 2320 suo
596 2275 851 2319 infortunio
877 2275 1182 2320 consuluisset
1207 2284 1252 2319 et
1278 2274 1568 2320 deditionem

180 2351 381 2409 fecisset,
412 2352 635 2414 potuisset
658 2350 825 2396 multas
854 2350 1073 2396 libertatis
1099 2361 1238 2413 atque
1261 2351 1568 2396 immunitatis

177 2499 268 2536 dont
305 2499 340 2536 le
374 2500 576 2536 manuscrit
606 2507 661 2535 est
692 2500 711 2535 a
743 2498 779 2535 la
812 2497 1070 2549 bibliotheque
1099 2500 1297 2549 imperiale
1327 2500 1450 2547 (fonds
1478 2500 1568 2537 latin

175 2567 216 2595 n⁰
235 2561 365 2606 6239),
388 2558 451 2594 fol.
471 2560 517 2594 69
540 2569 548 2597 2
571 2562 626 2594 De
644 2562 792 2593 miseria
806 2562 934 2593 civium
948 2559 1288 2607 famepereuntium
1302 2573 1316 2602 ,·
1333 2566 1369 2595 et
1384 2559 1416 2595 le
1434 2561 1568 2608 poeme

175 2619 318 2668 anglais
331 2618 476 2654 intitule'
490 2620 598 2666 Siege
613 2615 801 2664 ofRouen,
826 2617 953 2666 public
974 2617 1122 2667 ‹l’apres
1141 2618 1175 2654 le
1200 2618 1400 2654 manuscrit
1418 2625 1458 2654 n⁰
1474 2621 1564 2664 4⁶24,

175 2677 221 2714 de
240 2677 384 2727 Bodley
407 2680 426 2713 a
449 2677 609 2721 Oxford,
635 2677 727 2713 dans
743 2677 1036 2726 l'Arclzaeologia,
1060 2686 1085 2714 t.
1109 2680 1254 2723 XXIII,
1278 2691 1315 2727 p.
1341 2679 1403 2714 43.
1423 2677 1452 2713 Il
1474 2690 1497 2726 y
1519 2690 1566 2714 en

173 2748 195 2772 a
215 2750 288 2773 une
311 2735 576 2786 reimpression
600 2735 780 2772 executee
803 2737 820 2771 a
840 2738 987 2772 Rouen.

279 2816 292 2838 1
1389 2803 1409 2837 3
