2037 3442
781 289 927 326 LIBER
954 289 1183 336 QUINTUS.
1614 290 1683 326 311

288 387 390 417 cem
430 387 512 436 per
535 380 642 418 ante
673 370 860 416 duobus
895 370 1229 434 potentissimis
1254 370 1531 418 adversariis
1556 382 1695 435 atque

288 447 524 505 hostibus,
551 447 805 493 Lanceloto
838 448 1045 509 primum
1062 484 1073 506 ,
1101 452 1435 510 Hungarorum
1460 465 1595 510 rege,
1625 465 1696 493 se-

288 524 446 569 cundo
483 524 686 569 Henrico
709 559 720 580 ,
760 523 1019 585 Anglorum
1056 540 1192 585 rege,
1223 542 1354 587 paene
1397 535 1525 571 extra
1563 542 1695 589 spem

288 599 538 645 hominum
580 599 854 656 liberasset,
909 600 1047 644 tertio
1095 601 1236 645 etiam
1284 611 1328 646 et
1376 603 1533 647 Caroli
1577 603 1698 664 regis

288 677 600 740 potentissimi
623 676 762 721 minis
785 692 837 721 ac
858 676 1117 722 terroribus
1139 677 1342 722 absolvit
1364 688 1410 723 et
1432 681 1619 725 exemit.
1641 683 1694 724 ln

287 753 460 816 quibus
484 753 695 817 profecto
719 751 905 798 casibus
931 752 1079 798 videri
1105 753 1339 816 aliquibus
1364 764 1519 817 potest
1544 758 1697 800 Deum

289 831 499 894 ejusdem
531 830 663 877 ducis
700 830 961 894 specialiter
993 840 1313 893 protectorem
1346 840 1487 894 atque
1524 848 1702 895 propu—

289 918 533 971 gnatorem
552 944 563 966 ,
593 917 638 953 et
660 907 708 952 in
731 923 816 952 sua
838 906 1140 953 tribulatione
1165 908 1212 953 in
1242 908 1596 971 opportunitate
1619 907 1702 954 ad-

286 984 495 1048 jutorem
516 984 674 1030 fuisse.

353 1061 482 1108 Obiit
505 1071 662 1108 autem
681 1062 822 1107 aetatis
845 1077 939 1106 suoe
965 1077 1091 1107 anno
1122 1062 1410 1124 sexagesimo
1434 1063 1591 1125 primo
1610 1099 1622 1122 ,
1652 1063 1701 1108 in

288 1149 440 1185 castro
482 1139 559 1184 cui
600 1155 775 1184 nomen
819 1137 1122 1197 Modinum¹,
1165 1138 1225 1184 ab
1268 1138 1383 1184 urbe
1425 1139 1703 1185 Bituricensi

287 1215 489 1261 distante
512 1226 717 1278 quatuor
735 1216 897 1273 leucis,
915 1232 1043 1273 cum,
1058 1226 1110 1261 ut
1131 1215 1451 1280 praediximus,
1468 1226 1706 1279 regnasset

288 1307 439 1337 annos
478 1293 666 1354 triginta
705 1309 897 1338 novem.
940 1292 1070 1337 Obiit
1111 1303 1270 1339 autem
1312 1303 1530 1340 cui-rente
1573 1310 1701 1340 anno

288 1368 540 1415 dominicae
563 1370 900 1416 incarnationis
920 1386 1188 1428 Mccccmss„
1211 1371 1260 1416 in
1281 1370 1356 1416 die
1376 1371 1524 1418 beata}
1546 1373 1702 1418 Mariae

287 1445 613 1508 Magdalenaez
645 1463 806 1492 mense
824 1447 961 1508 julio.
988 1449 1082 1493 Nec
1105 1448 1206 1493 sine
1228 1449 1398 1493 veneni
1430 1448 1702 1511 suspicione

288 1540 416 1569 mors
434 1524 533 1588 ipsa
550 1524 745 1585 contigit
768 1541 776 1568 ε
803 1523 935 1586 quod
952 1524 1050 1588 ipse
1072 1524 1229 1570 adhuc
1253 1541 1372 1586 aeger
1389 1524 1700 1583 decumbens,

287 1601 539 1665 saepissime
573 1609 776 1664 quaestus
809 1600 948 1646 fuisse
980 1601 1169 1647 dicitur.
1205 1601 1295 1647 Sed
1328 1609 1375 1647 et
1401 1601 1526 1647 hanc
1555 1602 1705 1664 suspi-

288 1677 476 1724 cionem
500 1693 598 1722 non
624 1677 869 1722 modicum
895 1677 1105 1737 adauxit,
1136 1677 1267 1740 quod
1297 1677 1483 1723 nullum
1506 1688 1587 1724 aut
1617 1678 1705 1723 mi-

288 1756 473 1802 nimum
508 1754 567 1800 de
593 1755 692 1816 ejus
723 1753 859 1800 obitu
886 1754 1038 1800 dictus
1074 1755 1367 1818 Delphinus,
1394 1755 1494 1817 ejus
1526 1755 1707 1819 primo-

290 1833 489 1896 genitus,
512 1832 694 1877 luctum
720 1831 876 1890 duxit,
903 1832 986 1877 sed
1007 1832 1067 1889 ei,
1089 1833 1171 1895 qui
1194 1833 1350 1897 primo
1376 1832 1436 1878 ad
1456 1849 1505 1878 se
1530 1832 1589 1878 de
1612 1832 1707 1878 hoc

290 1909 513 1955 nuntium
535 1908 714 1967 attulit,
736 1917 965 1971 tanquam
997 1907 1087 1954 sibi
1106 1908 1452 1971 jucundissima
1474 1918 1708 1972 portasset

292 2003 445 2044 nova,
490 1985 690 2031 donaria
734 1985 865 2031 dedit
909 2002 1008 2031 non
1052 1986 1419 2033 contemnenda.
1469 1989 1560 2031 Pro
1607 2004 1704 2049 quo

293 2063 452 2121 etiam,
477 2077 589 2107 cum
613 2063 769 2108 statim
792 2063 853 2108 ad
871 2063 1105 2128 oppidum
1123 2064 1402 2121 Hannoniae,
1427 2063 1503 2108 cui
1526 2080 1705 2109 nomen

294 2150 364 2186 est
402 2143 618 2187 Avennes
646 2141 898 2198 Comitis³,
927 2158 1027 2186 uno
1061 2141 1138 2187 die
1173 2142 1339 2187 missas
1373 2142 1705 2204 exsequiarum

295 2234 428 2263 more
475 2216 704 2263 mediocri
738 2227 784 2263 et
817 2233 965 2281 parva
1003 2236 1115 2264 cum
1158 2219 1456 2265 solemnitate
1500 2218 1602 2264 fieri
1639 2219 1705 2266 fe-

294 2297 459 2353 cisset,
488 2296 591 2359 ipso
618 2295 694 2341 die
729 2296 837 2360 post
860 2297 1127 2356 meridiem,
1155 2315 1204 2344 se
1237 2297 1397 2343 tunica
1432 2297 1709 2345 brevissima

294 2390 351 2419 ex
384 2372 534 2419 rubeo
570 2382 615 2418 et
650 2372 759 2420 albo
801 2389 962 2437 panno
1005 2376 1177 2440 partita
1216 2375 1448 2434 vestiens,
1476 2385 1522 2421 et
1564 2386 1707 2440 caput

295 2450 526 2497 similibus
549 2451 721 2514 partito
746 2451 986 2498 coloribus
1009 2454 1136 2517 pileo
1157 2454 1456 2516 cooperiens,
1485 2464 1707 2500 venatum

284 2529 526 2593 perrexit,
554 2529 648 2574 suis
682 2529 904 2575 omnibus
939 2531 1079 2576 simili
1104 2531 1286 2594 ‘amictu
1320 2531 1516 2578 ornatis.
1542 2532 1634 2578 Sed
1663 2542 1709 2578 et

351 2662 389 2697 ’1.
420 2659 794 2697 Meun-sur-Yevre.

351 2721 389 2757 2.
423 2721 472 2756 202
490 2719 625 2766 juillet.

353 2775 391 2810 3.
424 2774 609 2821 Avesnes,
628 2771 810 2812 autrefois
822 2773 1195 2813 Avesnes-le-Comte
1208 2773 1486 2826 (departement
1505 2773 1556 2812 du
1575 2773 1693 2812 Nord.
