2037 3442
453 327 501 360 46
827 322 1159 358 HISTORIARUM
1189 321 1366 355 CAROLI
1393 323 1461 356 VII

454 405 523 448 vel
562 418 799 465 campanae
827 402 995 446 tinnitu
1018 436 1028 456 ,
1068 398 1140 444 vel
1180 400 1412 443 venatoris
1446 409 1525 444 aut
1566 401 1659 463 alio·
1691 419 1838 449 cornu

451 479 567 524 dans
606 478 837 531 sonitum,
879 492 961 540 per
998 475 1090 521 hoc
1130 475 1189 520 ad
1228 475 1460 520 munitum
1500 492 1547 521 se
1590 478 1843 540 recipiendi

449 554 606 599 locum
648 553 854 609 cunctis,
891 552 970 614 qui
1001 562 1102 597 tum
1137 552 1183 596 in
1215 554 1335 612 agris
1366 561 1554 614 agerent
1582 553 1654 598 vel
1678 555 1839 612 vineis,

450 631 632 692 signum
669 629 825 675 dabat..
878 629 1019 684 Quod
1058 638 1154 673 tam
1190 628 1373 674 assidue
1409 639 1452 674 et
1491 629 1757 692 frequenter
1795 633 1840 676 in

449 707 807 770 quamplurimis
844 705 983 751 flebat
1006 705 1143 758 locis,
1173 714 1239 760 ut,
1267 721 1374 750 cum
1393 705 1538 750 boves
1564 716 1609 751 et
1631 707 1841 768 jumenta

449 785 652 831 aratoria
675 783 734 829 ab
761 792 918 828 aratro
945 782 1252 837 solverentur,
1279 782 1519 828 audientes
1542 783 1843 846 speculatoris

449 861 658 923 signum,
686 859 809 904 illico
842 858 1019 919 absque
1043 857 1237 903 ductore
1262 858 1321 903 ad
1345 874 1428 904 sua
1450 868 1547 903 tuta
1571 859 1761 921 refugia,
1788 877 1843 906 ex

448 938 588 1000 longa
602 935 938 982 assuefactione
954 934 1137 992 edocta,
1155 951 1290 980 cursu
1312 935 1476 998 rapido
1490 936 1614 980 velut
1631 939 1843 983 exterrita

449 1021 768 1069 accurrerent3
793 1010 922 1073 quod
947 1019 991 1056 et
1015 1027 1126 1056 oves
1151 1020 1289 1072 atque
1313 1011 1444 1074 porci
1467 1011 1675 1056 similiter
1695 1011 1843 1057 facere

448 1097 804 1136 consueverant.
835 1087 924 1132 Sed
950 1103 1057 1132 cum
1092 1087 1138 1132 in
1165 1086 1299 1131 dictis
1322 1087 1600 1150 provinciis,
1631 1104 1716 1150 pro
1747 1088 1843 1150 agri

447 1166 708 1225 latitudine,
740 1181 853 1211 rarae
876 1166 966 1210 sint
989 1164 1199 1210 civitates
1220 1173 1266 1209 et
1289 1163 1391 1209 loca
1409 1164 1604 1222 munita,
1626 1181 1650 1210 e
1674 1164 1843 1227 quibus

447 1245 585 1290 etiam
619 1244 752 1307 plura
786 1242 942 1288 hostili
968 1242 1228 1287 vastatione
1254 1242 1467 1298 incensa,
1494 1258 1652 1287 eversa
1683 1259 1736 1288 ac
1772 1244 1842 1289 di-

447 1331 576 1384 repta
614 1321 816 1376 fuerant,
850 1318 923 1365 vel
957 1318 1326 1365 habitationibus
1365 1328 1578 1374 vacuata,
1609 1319 1841 1366 tantillum

445 1398 582 1455 illud,
602 1397 730 1460 quod
749 1397 889 1442 veluti
911 1397 1069 1441 furtim
1086 1396 1262 1441 circum
1283 1396 1567 1442 munitiones
1580 1396 1837 1455 colebatur,

447 1474 695 1520 minimum
720 1483 764 1518 et
783 1489 931 1536 prope
951 1471 1068 1517 nihil
1087 1471 1349 1530 videbatur,
1370 1472 1723 1535 comparatione
1742 1488 1843 1518 vas-

445 1550 732 1594 tissimorum
759 1565 1005 1611 agrorum,
1036 1549 1115 1610 qui
1138 1547 1308 1594 deserti
1331 1565 1522 1612 prorsus
1544 1558 1589 1593 et
1619 1548 1719 1594 sine
1742 1548 1839 1593 cul-

445 1625 625 1671 toribus
649 1624 1003 1688 permanebant.

928 1825 1263 1868 CAPITULUM
1299 1826 1353 1867 ΙΙ.

706 1958 755 1989 De
772 1956 878 1990 causis
893 1964 994 1989 tantae
1013 1957 1210 1990 vastationis
1225 1957 1321 2003 regni
1341 1958 1570 1990 Francorum.

505 2085 564 2126 Ut
590 2081 728 2143 igitur
751 2081 809 2126 ad
833 2097 1014 2137 causas,
1043 2081 1169 2126 unde
1202 2091 1302 2127 orta
1336 2091 1380 2126 et
1414 2090 1571 2127 secuta
1603 2081 1687 2125 fuit
1709 2090 1835 2126 tanta

439 2157 692 2214 desolatio,
731 2159 975 2221 specialius
1014 2159 1343 2204 memorandas
1381 2169 1521 2221 atque
1568 2158 1836 2204 referendas

436 2235 695 2292 veniamus,
720 2235 785 2279 uti
805 2234 973 2280 Carolo
992 2237 1050 2279 Vl
1070 2235 1158 2280 vita
1179 2235 1355 2292 functo,
1377 2235 1571 2281 Carolus
1584 2237 1664 2279 Vll
1683 2245 1835 2297 spreta

438 2327 491 2356 ac
516 2311 712 2374 paenitus
735 2311 903 2371 rejecta
922 2312 1065 2374 patris
1088 2312 1158 2356 sui
1181 2312 1570 2370 exhaeredatione,
1598 2328 1624 2357 a
1647 2313 1835 2357 Francis

436 2404 523 2450 pro
547 2404 654 2449 rege
676 2387 863 2433 habitus
887 2398 979 2445 est,
1008 2388 1068 2433 ita
1091 2397 1135 2433 et
1157 2389 1283 2451 apud
1305 2389 1474 2451 Anglos
1491 2398 1601 2434 tunc
1620 2387 1835 2452 impubes

436 2464 684 2521 Heni-icus,
726 2465 930 2523 Henrici,
967 2481 1109 2526 quem
1138 2465 1411 2510 defunctum
1435 2465 1653 2525 diximus,
1699 2465 1834 2510 unica

436 2544 589 2606 proles
601 2582 612 2602 ,
650 2561 737 2608 pro
769 2544 1018 2590 amborum
1059 2561 1311 2607 regnorum
1341 2546 1544 2591 Franciae
1576 2554 1621 2590 et
1658 2543 1830 2606 Angliae

436 2637 543 2682 rege
581 2638 628 2667 se
668 2623 830 2684 gessit,
874 2623 1116 2684 utriusque
1152 2623 1337 2668 titulum
1384 2622 1469 2667 sibi
1504 2637 1743 2667 assumens
1790 2629 1831 2665 ct

434 2713 625 2742 nomen.
656 2698 825 2760 Angliae
848 2715 960 2744 vero
985 2715 1180 2760 regnum
1202 2708 1246 2744 et
1269 2698 1525 2762 impuberis
1549 2697 1667 2759 regis
1693 2695 1832 2741 tutela

434 2790 517 2838 per
537 2773 801 2820 Glocestriae
823 2775 1018 2833 ducem,
1044 2785 1264 2837 patruum
1291 2792 1453 2833 suum,
1483 2792 1535 2820 ac
1561 2774 1692 2836 regni
1715 2773 1831 2836 opti-
