2037 3442
451 254 526 287 2¹10
828 250 1165 286 HISTORIARUM
1193 251 1371 284 CAROLI
1398 251 1467 284 VII

444 330 633 392 jusdam
652 328 993 391 propugnaculi
1014 328 1314 372 straminibus
1331 330 1560 391 cooperti,
1578 330 1843 383 emitteret¹‚

449 407 497 451 in
530 422 625 468 quo
658 421 766 450 cum
801 405 1037 449 immissus
1071 404 1190 466 ignis
1226 404 1452 462 haereret,
1492 406 1633 467 coepit
1673 405 1849 467 absque

448 481 672 527 dilatione
690 490 735 526 et
753 480 1005 527 aedificium
1022 479 1137 526 illud
1158 479 1355 527 adurere
1373 516 1384 539 ,
1412 490 1457 527 et
1475 481 1521 526 in
1539 480 1661 527 aedes
1677 481 1852 526 vicinas

446 558 583 603 latius
605 559 874 621 propagari.
904 560 1023 603 Cum
1053 566 1209 603 autem
1231 557 1326 603 1100
1355 557 1533 604 videret
1561 561 1852 604 Francorum

448 634 659 680 militaris
697 634 949 694 exercitus,
978 633 1141 680 alacris
1175 634 1299 680 111100
1335 633 1395 680 3(1
1420 635 1852 681 transcendendum

449 709 622 756 vallum
645 710 872 774 palosque
902 710 1151 771 arborum,
1179 710 1373 773 quibus,
1400 711 1502 757 vice
1533 712 1684 770 muri,
1720 712 1852 757 locus

448 787 632 833 clausus
655 788 931 851 cinctusque
955 797 1076 846 erat,
1103 803 1201 833 sese
1232 787 1379 833 dedit.
1415 788 1507 833 Sed
1535 805 1644 834 cum
1666 788 1741 846 hi,
1772 789 1853 851 qui

448 864 574 910 intus
600 874 732 910 erant
747 900 759 924 ‚
783 864 1007 910 viderunt
1029 864 1303 910 incendium
1329 864 1387 910 de
1409 863 1555 910 domo
1579 866 1627 910 in
1656 864 1853 910 domum

448 942 737 988 transvolare
759 959 904 1006 seque
927 941 1092 987 durius
1118 958 1171 988 ac
1195 941 1503 1005 periculosius
1534 941 1594 988 ab
1618 942 1735 1004 ignis
1763 942 1853 988 ele-

448 1028 628 1077 mento,
653 1036 797 1082 quam
817 1019 877 1066 ab
895 1019 1050 1078 hoste,
1077 1018 1255 1065 bellum
1281 1019 1481 1083 perpeti,
1505 1028 1550 1065 et
1566 1019 1655 1083 ipsi
1676 1035 1701 1064 a
1724 1019 1852 1065 fumo

448 1104 494 1141 et
517 1096 682 1143 favillis
705 1114 820 1160 quas
846 1096 1070 1143 adversus
1093 1113 1173 1142 eos
1196 1105 1365 1142 ventus
1388 1095 1527 1142 valde
1552 1095 1849 1160 impellebat,

447 1174 648 1235 graviter
667 1184 1014 1238 premerentur,
1038 1173 1200 1219 locum
1220 1173 1376 1237 ipsum
1397 1172 1456 1219 ab
1478 1172 1694 1218 hostibus
1716 1173 1855 1219 tutari

447 1251 640 1296 minime
665 1260 950 1314 potuerunt3
979 1250 1062 1297 sed
1086 1267 1330 1296 armorum
1353 1250 1585 1296 violentiae
1608 1250 1854 1296 incendio-

446 1344 537 1390 que
561 1327 811 1387 cedentes,
837 1329 1026 1375 Francis
1056 1329 1320 1391 ingressum
1354 1328 1684 1391 permiserunt.
1713 1330 1768 1372 Et
1791 1328 1854 1373 ci-

445 1421 526 1450 ves
544 1404 768 1466 quidem,
799 1414 850 1451 ut
881 1405 1048 1451 melius
1081 1415 1362 1469 potuerant⁷
1399 1421 1487 1469 pro
1511 1403 1733 1451 salvanda
1761 1404 1854 1450 vita

446 1481 630 1528 diversa
656 1481 850 1529 latibula
876 1481 949 1528 vel
973 1482 1244 1528 orationum
1268 1481 1439 1527 domos
1468 1483 1729 1545 petierunt3
1765 1483 1854 1526 An-

447 1558 553 1621 gliei
576 1576 690 1605 vero
714 1559 894 1621 majore
920 1575 975 1604 ex
995 1569 1128 1622 parte
1151 1559 1198 1604 in
1225 1558 1482 1621 quamdam
1504 1559 1614 1604 satis
1636 1559 1855 1604 miseram

446 1651 626 1693 arcem,
660 1651 763 1698 quae
788 1635 880 1680 11110
906 1644 974 1681 est
990 1671 1001 1692 ,
1030 1652 1077 1680 50
1108 1644 1404 1699 receperunt.
1437 1636 1488 1680 In
1514 1652 1605 1697 qua
1628 1651 1738 1680 cum
1762 1652 1856 1698 prae

447 1711 751 1757 multitudine
780 1711 918 1757 valde
953 1712 1211 1775 compressi
1246 1722 1423 1772 essent,
1462 1728 1551 1758 nec
1580 1711 1674 1757 ulla
1697 1728 1856 1758 rerum

446 1790 818 1836 necessariarum
841 1791 915 1836 vel
938 1807 1026 1854 pro
1046 1791 1172 1836 victu
1191 1827 1202 1850 ⁷
1227 1790 1302 1836 vel
1325 1806 1412 1854 pro
1441 1790 1714 1836 defensione
1738 1790 1854 1850 1001,

446 1867 674 1914 haberent
703 1867 896 1926 solatia,
917 1868 1004 1913 sub
1033 1868 1170 1914 certis
1201 1868 1350 1931 pactis
1378 1869 1566 1914 Francis
1591 1885 1639 1913 se
1659 1867 1856 1913 dedide-

446 1954 572 1990 runt.
601 1947 658 1989 Et
690 1944 778 2001 ita,
816 1944 1176 2007 quodammodo
1208 1944 1330 1989 ultra
1355 1961 1488 2008 spem
1519 1959 1681 2002 suam,
1720 1944 1857 2006 oppi-

447 2021 560 2066 dulo
581 2020 661 2068 illo
687 2020 1121 2080 Pontis-Odomari,
1151 2021 1260 2066 satis
1286 2021 1454 2066 misere
1477 2029 1522 2066 et
1543 2018 1722 2065 exiliter
1744 2028 1857 2065 tunc

449 2097 632 2143 munito
647 2132 659 2156 ,
682 2097 848 2142 Franci
869 2097 1003 2160 potiti
1026 2106 1151 2142 sunt.

502 2199 538 2235 1.
562 2197 704 2234 Robert
717 2197 877 2236 Blondel
889 2197 1069 2248 explique
1080 2210 1155 2247 que
1167 2196 1291 2234 c'etait
1309 2210 1382 2235 une
1396 2196 1500 2235 fusee
1517 2196 1716 2235 d’artifice:
1733 2214 1749 2231 «
1762 2199 1856 2235 Ecce

447 2256 602 2305 quidam
622 2256 844 2294 adolescens
862 2270 910 2294 ex
929 2256 1077 2293 comitis
1100 2258 1137 2293 S.
1162 2256 1269 2293 Pauli
1289 2256 1452 2306 familia,
1484 2257 1576 2294 dum
1596 2257 1675 2295 sive
1698 2257 1829 2295 ludere
1844 2286 1854 2304 ‚

448 2325 487 2352 nt
508 2316 710 2353 insolentia
725 2317 888 2364 juvenes
907 2315 1008 2367 agit,
1028 2328 1110 2362 seu,
1132 2329 1238 2352 inore
1259 2315 1403 2366 ingenii
1417 2316 1596 2364 humani,
1613 2317 1779 2354 difficilia
1799 2318 1856 2354 fa-

443 2376 569 2412 ciendi
585 2375 736 2423 avidus,
757 2375 850 2425 quid
867 2388 1011 2426 graecus
1028 2375 1125 2426 ignis
1142 2383 1280 2425 potest,
1301 2375 1469 2426 experiri
1487 2375 1617 2422 vellet,
1639 2377 1763 2413 fusum
1780 2376 1856 2413 sul-

447 2437 529 2472 l'ure
551 2435 729 2486 ignitum,
750 2434 910 2472 ducibus
928 2434 1118 2472 bellorum
1140 2434 1381 2480 inconsultis,
1406 2434 1454 2472 ad
1477 2435 1678 2486 quamdam
1701 2435 1854 2472 domum

448 2496 738 2542 Pontulimaris‚
769 2494 909 2545 stipula
940 2503 976 2531 et
1006 2493 1187 2531 stramine
1222 2501 1441 2544 coopertam
1459 2523 1469 2541 ‚
1509 2494 1676 2531 maximo
1712 2494 1854 2544 impetu

447 2554 573 2590 traxit.
612 2557 756 2591 Iterum
783 2553 900 2590 aliurn
933 2563 970 2591 et
998 2553 1113 2590 alium
1141 2553 1345 2601 transjecit.
1374 2553 1523 2591 Acriori
1549 2553 1726 2590 incendio
1757 2551 1854 2589 aedes

446 2625 611 2649 accensae
641 2622 945 2651 concremantur.
978 2617 1116 2664 Ingens
1149 2613 1293 2650 clamor
1321 2627 1364 2650 ac
1396 2612 1537 2662 ubique
1564 2612 1710 2650 subitus
1735 2624 1853 2662 pavor

448 2672 645 2707 exoritur:
669 2673 716 2709 ad
737 2676 868 2710 arma!
895 2672 943 2710 ad
969 2670 1119 2723 ignem!
1155 2671 1265 2708 simul
1303 2672 1559 2718 conclamant3
1583 2680 1618 2707 et
1646 2671 1736 2707 villa
1768 2670 1852 2720 igne

447 2729 617 2766 sulfureo
637 2731 757 2768 ardet.
785 2748 800 2764 n
829 2735 991 2769 Assertio
1012 2736 1265 2779 Nortncznnicr,
1287 2731 1312 2768 1.
1339 2734 1390 2778 11,
1415 2745 1448 2768 0.
1472 2745 1508 2767 v.
