2142 3473
517 297 566 331 16
887 294 1226 331 HISTORIARUM
1254 296 1433 333 CAROLI
1461 299 1530 333 VII

516 390 645 436 gam,
673 381 870 435 pontem
885 409 897 432 ,
926 382 1055 418 metu
1079 374 1304 437 perculsi,
1331 392 1420 439 pro
1443 393 1530 422 suo
1553 379 1815 425 munimine
1838 381 1922 426 ad-

513 466 675 496 versus
692 449 850 495 hostes
866 449 1098 496 levassent
1117 469 1127 496 :
1148 452 1544 514 prosequentibus
1560 464 1700 519 atque
1723 457 1922 519 graviter

513 526 870 572 imminentibus
892 527 1335 590 Burgundionibus,
1362 539 1432 575 tot
1449 531 1593 593 partis
1613 532 1840 590 adversae,
1863 534 1922 580 de

513 613 659 667 ponte
681 602 927 662 cadentes,
950 604 998 648 in
1023 604 1218 651 flumine
1241 605 1456 651 suffocati
1472 617 1604 666 sunt,
1629 619 1710 670 ut,
1734 609 1821 656 sub
1840 609 1920 656 illo

513 682 672 746 pontis
709 698 847 741 arcu,
886 682 1093 728 fluminis
1133 699 1296 729 cursus
1328 683 1474 730 ferme
1506 685 1759 748 impeditus
1784 687 1922 733 fuerit

514 768 559 804 et
583 758 869 805 obstructus.

993 923 1330 968 CAPITULUM
1365 925 1442 968 VI.

586 1057 640 1091 Ob
654 1069 738 1102 quas
759 1069 876 1092 causas
892 1056 1064 1091 Henricus
1079 1084 1088 1100 ‚
1102 1069 1165 1091 rex
1177 1057 1370 1104 Anglorum
1390 1085 1400 1101 ‚
1418 1070 1565 1105 regnum
1576 1058 1794 1093 Francorum
1809 1059 1851 1094 sit

1122 1130 1313 1164 aggressus.

577 1251 696 1295 Cum
728 1258 885 1296 autem
922 1249 1061 1295 talem
1099 1266 1257 1295 rerum
1292 1249 1652 1314 dispositionem
1689 1252 1737 1296 in
1773 1267 1919 1314 regno

514 1329 799 1372 Francorum
823 1326 1002 1389 antiqui
1021 1326 1181 1372 hostes
1203 1327 1347 1390 ipsius
1369 1328 1500 1390 regni
1524 1327 1655 1390 Angli
1679 1327 1916 1385 viderent,

513 1413 558 1448 et
597 1403 812 1449 civilibus
855 1403 1227 1449 dissensionibus
1271 1413 1412 1467 atque
1450 1404 1758 1450 acerbissimis
1800 1405 1920 1450 odiis

513 1479 713 1525 invicem
730 1479 890 1525 omnia
915 1479 1124 1543 impleri,
1143 1479 1323 1525 turbari
1346 1490 1392 1526 et
1405 1480 1655 1538 confundi,
1683 1490 1920 1544 opportu-

513 1557 705 1603 nitatem
733 1556 919 1602 allatam
940 1556 1027 1602 sibi
1049 1573 1147 1602 esse
1170 1557 1259 1603 rati
1289 1567 1425 1616 sunt,
1463 1574 1661 1619 regnum
1685 1558 1844 1621 ipsum
1874 1567 1920 1603 et

512 1643 683 1693 terras,
710 1634 758 1678 in
783 1632 952 1695 quibus
969 1633 1069 1694 jam
1093 1650 1121 1679 a
1144 1633 1301 1679 multis
1338 1635 1474 1680 annis
1507 1635 1582 1695 jus
1605 1633 1778 1680 habere
1801 1650 1919 1679 con—

513 1708 735 1767 tendunt,
772 1709 1028 1754 invadendi
1062 1719 1108 1754 et
1145 1726 1389 1756 armorum
1423 1710 1601 1755 viribus
1623 1710 1912 1772 acquirendi.

577 1786 645 1832 Ad
668 1786 799 1849 quod
822 1786 962 1831 etiam
988 1786 1360 1848 aggrediendum
1386 1802 1483 1831 non
1508 1802 1677 1849 parum
1699 1786 1804 1832 illos
1826 1786 1914 1831 im-

511 1863 752 1927 pellebant
781 1861 955 1908 damna
986 1871 1032 1908 et
1049 1861 1331 1907 detrimenta
1354 1878 1485 1925 paene
1510 1863 1786 1921 innumera,
1814 1879 1917 1925 quae

510 1941 570 1988 ab
596 1942 672 2002 iis,
699 1941 780 2004 qui
810 1940 1056 2004 piraticam
1091 1940 1139 1984 in
1169 1938 1348 2002 oppido
1384 1938 1443 1985 de
1482 1939 1704 2001 Har-eslw
1746 1949 1790 1984 et
1833 1956 1917 2002 per

510 2035 643 2064 oram
658 2018 941 2064 maritimam
955 2020 989 2062 N
995 2016 1252 2061 ormanniae
1263 2015 1561 2075 exercebant,
1577 2015 1770 2076 singulis
1784 2032 1916 2078 paene

507 2094 675 2140 diebus
692 2093 1000 2140 sustinebant.
1021 2095 1140 2138 Cum
1158 2093 1284 2138 enim
1304 2093 1531 2138 insulares
1555 2094 1664 2151 sint,
1687 2093 1735 2137 in
1754 2092 1913 2138 medio

510 2188 690 2218 oceano
716 2172 814 2230 siti,
842 2170 1147 2227 commercia,
1175 2186 1277 2232 quae
1298 2170 1588 2233 permaxima
1613 2168 1679 2213 ibi
1711 2168 1811 2214 fieri
1835 2185 1916 2214 so-

509 2248 683 2306 lebant,
713 2264 811 2293 non
835 2247 924 2292 nisi
947 2263 1030 2310 per
1059 2262 1187 2292 mare
1206 2245 1305 2291 fieri
1331 2254 1553 2309 possunt,
1579 2261 1688 2290 cum
1711 2261 1798 2292 nec
1830 2261 1912 2309 pa-

508 2327 595 2372 tria
626 2326 768 2382 exiri,
804 2323 1206 2387 exportandarum
1241 2323 1471 2368 mercium
1513 2339 1707 2368 suarum
1744 2338 1910 2375 causa,

507 2418 594 2448 nec
626 2401 687 2448 ab
719 2401 887 2446 exteris
917 2399 1133 2461 gentibus
1165 2408 1210 2445 et
1238 2398 1373 2444 terris
1396 2398 1457 2443 ad
1483 2415 1564 2444 eos
1594 2397 1755 2443 accedi
1779 2434 1789 2455 ,
1822 2398 1912 2443 nisi

506 2477 876 2536 transfretando,
905 2477 1067 2540 possit.
1103 2475 1344 2521 Continuo
1364 2491 1477 2520 vero
1503 2491 1530 2519 a
1554 2474 1688 2520 dictis
1713 2478 1911 2519 Norma-

508 2556 600 2601 nici
618 2556 785 2601 littoris
802 2555 964 2618 piratis
987 2553 1107 2599 adeo
1126 2563 1277 2599 totum
1300 2551 1416 2597 illud
1439 2551 1759 2597 Britannicum
1783 2566 1910 2596 mare

508 2632 828 2693 infestabatur,
855 2631 987 2694 quod
1019 2630 1187 2693 aliquis
1218 2629 1568 2690 negotiatorum
1593 2628 1702 2675 illuc
1732 2627 1907 2673 adeun-

562 2772 580 2807 1
594 2798 600 2805 .
631 2767 818 2805 Harsseur.
