2037 3442
743 235 889 271 LIBER
915 234 1114 271 TERTIUS
1122 261 1129 268 .
1545 234 1562 268 1
1572 233 1620 268 33

230 315 383 360 minus
401 315 459 361 de
486 315 685 374 Talebot,
714 332 870 361 comes
894 313 1333 360 Cherosberiensis¹.
1355 312 1494 369 Quod
1514 330 1619 358 cum

230 396 347 440 tueri
371 396 686 458 retinereque,
713 396 748 441 si
784 405 996 459 possent,
1028 395 1163 440 valde
1187 402 1402 457 optarent
1427 393 1588 438 Franci
1615 429 1627 452 ,

229 488 284 516 eo
307 472 437 534 quod
463 472 522 517 ad
543 472 878 518 coarctandum
904 472 1250 533 Rothomagum
1271 471 1376 517 satis
1400 479 1624 533 opportu-

229 566 343 595 num
375 561 514 614 atque
538 552 698 598 efficax
728 552 986 607 videbatur,
1017 551 1199 596 duabus
1225 551 1308 596 viis
1342 550 1435 594 hoc
1473 549 1622 594 facere

229 637 529 674 attentarunt.

295 707 497 751 Primum
518 708 706 770 quidem
725 708 920 754 collecto
942 706 1146 770 plurimo
1165 705 1333 750 milite²
1349 704 1435 749 sul)
1450 704 1623 750 ducatu

232 781 416 827 illustris
444 784 696 843 Johannis‚
726 784 908 830 comitis
934 783 1167 828 Dunensis
1186 818 1196 838 ,
1224 797 1307 843 per
1336 796 1471 841 agros
1498 779 1623 825 Cale-

604 898 614 919 ,
644 871 692 906 ut
714 860 929 915 diximus,
957 858 1219 920 squalentes
1243 865 1286 901 et
1311 855 1517 901 desertos
1542 854 1624 899 ad-

232 945 471 981 moventes
512 954 656 999 usque
691 952 836 998 prope
869 934 1123 996 Anglorum
1155 942 1304 978 castra
1342 932 1620 990 exereitum,

232 867 383 903 tenses
408 877 596 923 prorsus

230 1012 530 1073 explorarunt
553 1015 588 1058 si
619 1028 916 1075 quocumque
940 1010 1085 1056 modo
1109 1026 1162 1055 ea
1194 1008 1380 1072 aggredi
1412 1019 1456 1054 et
1478 1025 1623 1071 expu-

231 1104 371 1148 gnare
406 1100 612 1150 possent.
639 1089 778 1145 Quod
802 1105 908 1133 cum
945 1089 1043 1132 sine
1076 1087 1323 1132 manifesto
1356 1086 1624 1131 discrimine

230 1164 441 1208 viderent
462 1166 653 1211 minime
678 1165 777 1211 fieri
799 1182 934 1228 posse
965 1168 1122 1226 (eraut
1141 1164 1266 1209 enim
1291 1163 1621 1222 munitissima,

231 1241 528 1302 Francosque
562 1243 760 1288 maxima
800 1241 1072 1287 victualium
1107 1241 1303 1304 penuria
1335 1239 1623 1302 perstringe-

231 1314 361 1375 bat),
390 1334 476 1379 pro
498 1317 735 1364 deditione
755 1318 918 1382 oppidi
942 1318 1079 1363 simul
1104 1318 1244 1362 etiam
1268 1326 1312 1361 et
1336 1316 1625 1361 Monasterii-

229 1391 429 1447 Villaris,
456 1394 642 1440 alterius
666 1396 806 1440 vicini
834 1394 893 1440 ad
919 1411 1116 1458 parvum
1142 1393 1340 1438 milliare
1359 1429 1369 1445 ,
1395 1392 1526 1454 cujus
1552 1393 1623 1437 in-

229 1468 342 1514 colae
375 1468 493 1514 fame
530 1481 667 1533 atque
696 1471 850 1516 inedia
880 1469 1299 1526 consumebantur,
1338 1478 1474 1531 pacta
1514 1485 1623 1514 cum

230 1545 488 1608 Anglorum
520 1547 716 1593 ducibus
748 1548 984 1604 fecerunt,
1015 1556 1060 1591 et
1084 1546 1269 1590 concito
1301 1543 1473 1606 gradu,
1503 1543 1623 1590 fame

228 1632 530 1684 perurgente,
558 1623 615 1668 ad
640 1640 723 1668 sua
742 1623 918 1687 oppida
944 1622 1198 1667 redierunt.

292 1698 390 1744 Alia
414 1709 572 1745 autem
605 1702 741 1746 etiam
766 1701 838 1744 via
863 1700 1144 1745 aestimarunt
1168 1713 1305 1760 posse
1331 1695 1509 1759 oppido
1536 1695 1622 1742 ob-

227 1792 350 1821 sesso
390 1793 686 1835 succurrere,
720 1794 848 1838 quae,
889 1777 973 1822 etsi
1001 1775 1158 1838 quoad
1196 1775 1286 1820 hoc
1314 1775 1469 1837 ipsum
1503 1774 1620 1819 inef-

226 1855 344 1900 ficax
382 1856 543 1915 fuerit,
584 1856 943 1902 fundamentum
984 1866 1136 1900 tamen
1181 1871 1235 1900 ex
1272 1853 1365 1899 hoc
1398 1870 1620 1915 magnum

222 1933 435 1992 jecerunt
451 1971 462 1991 ,
491 1935 694 1996 ipsisque
718 1933 851 1979 valde
868 1933 1039 1978 utiliter
1059 1931 1191 1977 cessit
1216 1931 1261 1975 in
1283 1947 1393 1976 usus
1410 1930 1470 1975 ad
1486 1947 1622 1975 recu—

225 2011 518 2071 perationem
537 2011 677 2055 totius
699 2010 1015 2068 Normanniae,
1040 2006 1442 2071 quemadmodum
1462 2016 1623 2070 postea

226 2103 312 2130 suo
337 2086 442 2131 loco
464 2089 777 2150 opportunius
795 2097 1067 2132 retexemus.
1092 2085 1297 2131 Collecta
1313 2085 1438 2130 enim
1459 2084 1623 2130 Franci

225 2163 334 2207 satis
374 2179 625 2210 numerosa
659 2164 821 2209 militia
851 2181 907 2208 ex
927 2163 1117 2208 diversis
1150 2162 1307 2208 Galliae
1337 2161 1618 2224 provinciis,

225 2239 477 2302 praesertim
499 2239 556 2284 de
576 2239 804 2284 Vasconia
824 2249 867 2284 et
884 2239 1223 2302 Aquitanorum
1241 2236 1413 2282 finibus
1432 2273 1442 2295 ,
1471 2236 1625 2282 decre-

227 2328 395 2363 verunt
429 2317 542 2362 illud
580 2317 808 2380 oppidum
843 2316 1125 2380 appellatum
1150 2315 1454 2371 Locusveris,
1494 2314 1623 2376 quod

231 2394 289 2440 ab
312 2395 467 2456 Anglis
488 2394 623 2439 fuisse
643 2393 920 2439 demolitum
940 2403 1078 2456 atque
1108 2393 1315 2438 dirutum
1336 2407 1476 2455 supra
1505 2391 1622 2437 dixi-

282 2527 317 2560 1.
359 2524 476 2561 Henri
505 2524 700 2570 Beausort,
733 2531 874 2569 comte,
916 2531 952 2560 et
984 2536 1061 2560 non
1095 2536 1160 2573 pas
1195 2535 1331 2559 encore
1370 2521 1442 2559 duc
1469 2521 1515 2558 de
1551 2523 1623 2558 So-

226 2591 389 2629 merset,
423 2591 460 2619 et
490 2582 573 2618 lord
594 2582 744 2628 Tallmt,
776 2582 841 2631 qui
872 2595 920 2619 ne
950 2582 1006 2618 fut
1031 2589 1153 2618 comte
1177 2581 1222 2618 de
1242 2580 1490 2631 Shrewsbury
1511 2587 1631 2630 qu‘en

227 2645 342 2688 1442,
365 2655 510 2679 comme
531 2656 579 2678 on
596 2642 646 2678 l'a
666 2641 746 2687 deja
768 2642 977 2691 remarque.

282 2704 318 2739 2.
351 2705 408 2738 Au
425 2701 519 2738 mois
539 2700 731 2738 d'octobre
752 2703 865 2737 1440.
