2037 3442
381 288 428 322 Ξῖ]
436 288 455 320 a
758 285 1055 319 HISTORIARU
1062 284 1095 317 M
1123 284 1300 319 CAROLI
1329 285 1398 319 VII

380 378 607 412 terrarum
632 382 821 411 suarum
843 365 1044 421 viribus⁷
1072 381 1273 427 persona
1303 382 1351 410 se
1373 366 1693 428 profecturum
1717 368 1776 413 ad

381 443 593 489 eamdem
639 441 806 487 urbem
845 440 1248 503 recuperandam,
1286 442 1772 504 expugnandumque,

379 519 537 582 quoad
573 517 660 563 sibi
693 517 886 563 facultas
923 517 1082 562 divina
1119 517 1290 580 pietate
1331 518 1606 576 donaretur,
1647 519 1778 564 illum

378 596 635 642 maximum
673 594 1070 655 saevissimumque
1109 593 1347 639 christiani
1384 596 1588 640 nominis
1623 604 1667 640 et
1701 595 1778 640 di·-

377 673 494 718 vinae
517 672 752 734 religionis
778 672 1040 729 inimicum,
1068 674 1325 716 Turcarum
1348 671 1707 735 imperatorem:
1734 682 1779 717 et

376 750 487 808 hoc,
513 751 550 796 si
574 749 756 794 interim
779 759 925 794 terras
948 765 1053 794 suas
1070 765 1123 795 ac
1146 748 1359 794 dominia
1382 749 1428 794 in
1454 758 1554 794 tuto
1579 759 1778 795 statuere

376 836 550 891 posset.
586 830 688 872 Non
719 825 844 870 enim
873 834 968 870 tam
995 824 1165 869 obtuso
1190 834 1233 870 et
1255 824 1412 870 hebeti
1444 841 1581 870 sensu
1606 835 1704 871 erat
1729 835 1779 871 ut

375 904 496 966 regis
519 919 624 964 erga
650 919 697 948 se
718 902 929 955 animum
953 902 1204 963 ignoraret,
1223 902 1302 964 qui
1320 901 1476 947 multis
1495 919 1614 965 saepe
1633 902 1779 947 niani-

378 981 500 1026 festis
532 979 715 1024 indiciis
747 979 931 1040 agnitus
962 977 1047 1023 sibi
1078 987 1405 1041 spectatusque
1444 979 1607 1024 fuerat.
1641 979 1780 1040 igitur

376 1057 569 1120 cupiens
592 1056 821 1101 divinitati
847 1055 1058 1100 oblatum
1083 1071 1108 1100 a
1134 1071 1181 1100 se
1207 1055 1338 1118 pium
1358 1055 1645 1100 exsecutioni
1668 1055 1779 1101 dare

375 1145 540 1179 votum
557 1171 567 1191 ‚
591 1150 698 1178 cum
722 1134 951 1196 aptiorem
978 1132 1121 1179 aliurn
1145 1131 1367 1187 modum,
1396 1131 1607 1177 dominia
1628 1148 1709 1177 sua
1735 1143 1778 1178 et

375 1211 585 1267 unicum,
603 1226 743 1272 quem
760 1209 981 1266 habebat,
1005 1209 1198 1253 vixdum
1216 1208 1445 1271 puberem
1467 1208 1637 1253 fitium¹
1661 1209 1707 1253 in
1735 1219 1779 1254 et

374 1285 462 1331 sub
494 1287 638 1331 tutela
669 1285 971 1330 convenienti
994 1283 1319 1347 relinquendi,
1349 1284 1631 1330 existimaret
1651 1284 1776 1329 disfi-

375 1362 461 1408 cile
481 1362 757 1408 adinvenire
771 1378 908 1424 posse
927 1399 938 1421 ⁷
957 1362 1013 1407 ad
1033 1378 1191 1424 regem
1209 1361 1428 1406 Carolum
1446 1377 1530 1424 per
1544 1361 1778 1406 solemnes

374 1455 485 1484 suos
509 1448 720 1484 oratores
743 1447 906 1483 votum
932 1454 984 1483 ac
1013 1437 1299 1482 desiderium
1323 1437 1549 1482 insinuari
1571 1437 1774 1492 curavit,

374 1532 481 1560 eum
508 1514 681 1561 obnixe
705 1515 913 1577 rogitans
947 1525 1087 1577 atque
1113 1513 1393 1573 obsecrans,
1421 1523 1651 1576 quatenus
1684 1523 1778 1558 ter-

374 1608 533 1637 rarum
557 1602 602 1637 et
633 1592 956 1637 dominiorum
991 1608 1183 1636 suorum
1214 1591 1604 1652 gubernationem
1637 1600 1777 1652 atque

375 1669 830 1715 administrationem
862 1680 907 1714 et
946 1668 1057 1714 dicti
1097 1667 1179 1712 filii
1207 1669 1278 1713 sui
1317 1668 1543 1729 unigeniti
1582 1667 1776 1712 tutelam

375 1763 456 1791 seu
476 1763 635 1792 curam
661 1762 898 1791 assumere
919 1745 1219 1806 dignaretur3
1244 1761 1414 1806 rogans
1439 1746 1549 1789 item
1567 1744 1697 1806 quod
1716 1746 1775 1790 ad

373 1833 469 1868 tam
495 1832 707 1867 sanctum
731 1839 850 1885 opus
872 1821 1240 1884 aggrediendum
1266 1820 1469 1881 aliquem
1493 1820 1551 1865 de
1576 1821 1668 1865 suis
1692 1821 1776 1866 mi-

373 1900 481 1945 litiae
506 1898 705 1943 ducibus
729 1899 911 1942 mittere
934 1897 1094 1955 vellet,
1130 1897 1212 1960 qui
1236 1898 1453 1942 vexillum
1483 1907 1528 1942 et
1561 1897 1777 1943 militaria

375 1975 496 2036 regis
519 1975 649 2036 signa
677 1973 933 2037 praeserret3
963 1973 1164 2018 offerens
1189 1972 1276 2017 sub
1301 1972 1470 2018 eodem
1494 1973 1614 2018 duce
1638 1983 1777 2034 atque

375 2050 546 2095 vexillo
591 2050 756 2108 etiam,
797 2059 1023 2112 tanquam
1069 2049 1197 2110 regio
1237 2048 1519 2093 destinatum
1553 2049 1772 2106 nomine,

375 2127 578 2191 propriis
609 2126 875 2189 sumptibus
909 2126 1124 2171 militare.
1176 2128 1341 2187 Magna
1375 2124 1474 2170 haec
1510 2125 1686 2188 quippe
1733 2135 1778 2170 et

375 2204 484 2249 satis
501 2204 709 2251 efficacia
726 2212 997 2265 argumenta
1019 2201 1149 2265 quod
1170 2202 1229 2247 de
1247 2218 1378 2248 sacra
1394 2202 1518 2264 regia
1540 2203 1776 2263 majestate

376 2280 687 2326 diffidentiam
714 2281 906 2325 minime
932 2279 1149 2334 haberet,
1178 2279 1260 2324 sed
1291 2281 1389 2342 ejus
1422 2279 1554 2324 omni
1591 2280 1665 2324 via
1690 2296 1777 2324 cu-

375 2367 506 2420 peret
530 2357 907 2402 benevolentiam
934 2356 1143 2419 adipisci.
1175 2356 1263 2401 Sed
1293 2373 1390 2401 non
1428 2372 1485 2401 eo
1510 2356 1665 2401 minus
1689 2372 1776 2401 nec

377 2434 474 2495 ejus
499 2451 687 2498 preces,
722 2450 809 2479 nec
841 2433 1103 2479 oblationes
1126 2443 1263 2478 tantae
1286 2443 1497 2492 attentae3
1526 2433 1608 2478 sed
1631 2450 1774 2495 agen-

377 2510 501 2555 tibus
540 2511 695 2574 impiis
736 2520 780 2556 et
817 2526 1022 2572 nequam
1062 2509 1364 2569 hominibus,
1412 2511 1489 2572 qui
1529 2509 1774 2554 dissidium

377 2596 422 2632 et
453 2586 763 2647 diffidentiam
795 2588 916 2633 inter
950 2587 1124 2648 regiam
1159 2586 1356 2632 domum
1387 2596 1432 2632 et
1460 2586 1630 2631 ducem
1662 2589 1775 2630 Bur-

429 2742 466 2776 1.
499 2740 675 2787 (marles,
695 2749 816 2778 comte
837 2741 883 2778 de
902 2742 1115 2785 Chardais,
1141 2742 1187 2777 ne
1208 2742 1242 2778 le
1265 2744 1311 2779 10
1334 2741 1543 2779 novembre
1564 2744 1679 2778 1433.
