2037 3442
392 344 439 378 60
764 339 956 386 HISTORI
962 338 1103 373 ARUM
1132 338 1311 373 CAROLI
1337 339 1407 372 VII

392 422 689 486 propositum
719 429 764 464 et
791 419 1122 477 constitutum,
1149 435 1244 481 quo
1278 417 1582 481 procliviores
1616 420 1782 465 milites

391 498 646 559 Anglorum
680 495 738 541 ad
769 495 1158 557 exstinguendum
1194 494 1305 539 illud
1342 495 1611 557 pestiferum
1640 495 1783 540 latro-

390 592 503 620 num
544 590 688 636 genus
723 572 1052 631 redderentur,
1092 573 1194 624 cui,
1234 588 1365 617 more
1402 571 1578 634 hydrae,
1608 571 1667 621 de
1690 589 1783 634 qua

391 660 538 714 poetae
557 651 680 695 velut
705 658 920 711 serpente
942 648 1150 711 quodam
1173 649 1318 693 locuti
1343 658 1467 706 sunt,
1488 666 1585 694 uno
1602 649 1782 694 succiso

390 727 557 789 capite,
586 727 673 771 tria
708 741 892 788 semper
926 724 1106 770 renasci
1128 723 1424 769 videbantur.
1454 727 1682 770 Feruntur
1706 724 1784 769 ali-

390 803 582 866 quando
608 804 655 848 in
683 818 809 848 anno
835 818 930 847 uno
955 802 1001 846 in
1028 801 1332 857 Normannia,
1359 801 1497 846 variis
1522 802 1569 846 in
1594 801 1707 846 locis
1731 817 1784 846 ac

386 880 601 943 judicum
637 878 972 935 tribunalibus,
1002 886 1096 923 tam
1124 877 1182 922 de
1206 877 1316 940 ipsis
1343 893 1484 939 quam
1511 876 1569 921 de
1605 892 1786 922 eorum-

392 959 500 1004 dem
536 955 926 1020 receptatoribus,
966 955 1138 1018 quibus
1170 971 1267 1001 non
1308 954 1527 999 dissimile
1556 954 1786 1016 judicium

393 1034 694 1089 reddebatur,
724 1032 913 1097 publico
928 1032 1129 1094 judicio,
1164 1033 1236 1077 vel
1261 1032 1410 1094 capite
1430 1030 1552 1093 plexi
1578 1030 1649 1075 vel
1675 1031 1789 1093 pati-

393 1112 513 1157 bulis
536 1110 658 1156 affixi
690 1111 811 1155 ultra
842 1109 1003 1154 decem
1045 1108 1205 1154 millia.
1242 1109 1357 1153 Sciri
1387 1108 1513 1153 enim
1538 1107 1630 1152 hoc
1655 1107 1786 1153 facile

393 1197 577 1252 poterat
608 1204 663 1232 ex
697 1186 895 1250 publicis
926 1186 1194 1241 ratiociniis,
1228 1202 1353 1239 cum,
1382 1194 1432 1230 ut
1462 1185 1783 1248 praemisimus,

394 1282 446 1310 ex
473 1265 622 1327 capite
646 1262 890 1325 cujuslibet
917 1263 975 1307 ad
1003 1261 1213 1324 judicem
1245 1261 1454 1316 adducti,
1487 1262 1555 1306 vel
1579 1261 1716 1306 etiam
1740 1261 1786 1307 in

396 1341 724 1404 prosecutione
755 1340 1007 1402 perempti,
1035 1338 1278 1400 praemium
1313 1338 1605 1400 propositum
1637 1336 1787 1381 exsol-

394 1426 597 1462 veretur.
626 1420 680 1461 Et
701 1426 857 1461 tamen
881 1432 968 1460 nec
992 1414 1069 1459 tali
1098 1414 1336 1475 diligentia
1365 1423 1502 1475 atque
1522 1428 1632 1458 cura
1656 1411 1789 1457 reddi

395 1494 546 1558 potuit
576 1493 635 1539 ab
664 1493 738 1538 illa
773 1502 901 1556 peste
925 1492 1073 1554 patria
1108 1491 1253 1536 libera
1285 1501 1330 1536 et
1363 1490 1610 1546 immunis,
1637 1489 1790 1534 donec

394 1572 570 1616 ditione
596 1587 648 1615 ac
678 1578 906 1633 potestate
929 1569 1182 1630 Anglorum
1213 1577 1365 1626 eruta,
1394 1566 1480 1612 sub
1504 1570 1789 1611 Francorum

397 1647 607 1693 naturale
632 1657 764 1692 terrae
787 1646 1038 1709 imperium
1062 1646 1270 1690 restituta
1294 1644 1445 1689 fuerit.

459 1722 643 1768 Talibus
667 1723 804 1784 igitur
828 1721 977 1781 malis,
1001 1721 1116 1765 dum
1138 1721 1380 1782 utriusque
1398 1720 1600 1783 partium
1620 1718 1790 1781 capita-

397 1801 470 1844 nei
497 1809 541 1844 et
564 1799 745 1855 armati,
769 1797 842 1842 vel
871 1807 998 1853 astu,
1026 1797 1099 1842 vel
1123 1796 1253 1855 dolo,
1282 1813 1362 1841 seu
1390 1812 1473 1858 per
1497 1795 1687 1840 insidias
1713 1803 1789 1839 aut

398 1877 676 1923 tradimenta
713 1885 758 1920 et
797 1875 1118 1937 proditiones,
1152 1873 1342 1918 diversae
1375 1872 1517 1935 partis
1555 1871 1784 1928 civitates,

397 1953 572 2016 oppida
606 1962 651 1997 et
682 1951 967 1996 munitiones
988 1987 997 2005 ,
1032 1950 1188 2013 potius
1212 1966 1355 2011 quam
1382 1949 1520 1994 armis
1551 1957 1595 1992 et
1624 1947 1789 1993 bellica

397 2030 687 2086 fortitudine,
716 2028 899 2089 quoties
922 2037 1128 2090 possent,
1157 2026 1397 2071 studerent
1422 2025 1662 2086 acquirere
1682 2022 1787 2080 sibi,

398 2124 532 2170 agros
564 2106 808 2169 populare,
843 2104 1037 2149 colonos
1075 2103 1309 2149 abducere
1339 2111 1384 2147 et
1418 2099 1698 2146 cruciatibus
1719 2100 1791 2145 vel

401 2200 566 2230 necare
596 2183 668 2227 vel
697 2181 896 2243 affligere
911 2201 922 2239 3
949 2181 1064 2226 dum
1089 2181 1229 2226 etiam
1249 2180 1329 2241 qui
1351 2177 1568 2241 Brigandi
1591 2176 1790 2240 appella-

399 2263 586 2317 bantur,
611 2259 725 2304 nulli
744 2275 964 2320 agrorum
987 2258 1152 2302 cultori
1180 2257 1250 2301 vel
1270 2256 1401 2302 alteri
1423 2256 1625 2318 quietem
1650 2253 1791 2299 ullam

401 2338 723 2402 permitterent
743 2372 753 2394 ,
779 2336 994 2381 effectum
1009 2344 1093 2393 est,
1114 2334 1255 2396 longo
1279 2334 1502 2397 temporis
1526 2331 1786 2390 intervallo,

404 2425 453 2460 ut
475 2415 660 2461 vastitas
684 2413 777 2471 illa,
808 2423 851 2458 et
886 2413 1087 2458 desertio
1116 2411 1352 2457 horrenda
1378 2420 1612 2456 tantarum
1640 2410 1791 2470 regio-

404 2508 534 2547 num,
555 2492 669 2536 sicut
688 2491 784 2552 jam
807 2489 1119 2552 praediximus,
1147 2497 1437 2551 sequeretur.
1466 2485 1591 2543 Quid
1614 2485 1788 2531 cladem

404 2566 601 2613 referam
625 2565 837 2612 Carnotil
869 2566 983 2628 quid
1016 2564 1336 2611 Cenomanni!
1370 2563 1484 2626 quid
1521 2562 1787 2619 Pontisarae,

404 2643 699 2703 insignissimi
722 2643 964 2705 quondam
978 2653 1118 2705 atque
1133 2641 1448 2687 florentissimi
1463 2638 1650 2703 oppidi!
1679 2637 1791 2700 quid

407 2720 632 2778 Senonis,
661 2720 773 2781 quid
801 2720 1009 2765 Ebroicis
1033 2721 1299 2776 civitatum,
1332 2727 1378 2763 et
1404 2717 1602 2762 aliorum
1629 2730 1791 2777 quam-

408 2797 663 2859 plurimum
679 2798 909 2854 locorum,
937 2812 1060 2857 quae,
1080 2813 1164 2859 per
1191 2795 1379 2841 insidias
1401 2805 1479 2841 aut
1501 2792 1790 2856 proditiones
