2037 3442
393 284 466 320 136
758 281 1097 317 HISTORIARUM
1122 279 1301 314 CAROLI
1327 280 1396 314 VII

397 369 535 420 atque
560 357 838 402 dominandi
862 356 1056 400 nimiam
1071 371 1234 415 gerens
1251 354 1556 417 cupiditatem
1570 372 1623 402 ac
1640 357 1787 403 libidi-

396 451 530 492 nem,
556 449 582 478 a
606 432 729 478 duce
754 431 977 476 Borbonii
992 441 1037 475 et
1055 429 1336 493 quibusdam
1351 432 1504 493 pravis
1517 431 1788 479 bominibus

395 520 661 572 suggestum
685 518 750 554 est
777 518 828 552 ut
851 508 981 569 regni
1001 507 1375 553 moderationem
1403 517 1540 570 atque
1564 511 1790 556 ministra-

397 588 574 632 tionem
596 586 771 631 habere
804 586 961 649 potius
987 585 1180 630 deberet
1204 600 1346 646 quam
1373 595 1504 647 pater
1539 603 1648 631 suus
1671 623 1681 643 ,
1712 597 1790 632 aut

395 663 612 709 nonnulli
631 663 712 726 qui
732 663 854 708 circa
871 661 1004 706 illum
1028 671 1160 706 erant
1182 679 1190 705 :
1223 677 1329 705 cum
1356 661 1481 706 idem
1504 672 1633 724 pater
1650 680 1786 722 suus,

397 741 493 787 otio
517 756 688 786 vacans
709 749 753 785 et
778 739 923 797 luxui,
946 755 1142 800 regnum
1172 747 1265 782 tam
1290 737 1349 782 ab
1370 737 1582 782 hostibus
1601 754 1742 800 quam
1765 754 1791 783 a

398 820 520 877 suis,
548 818 680 880 quasi
705 816 881 862 nullam
907 815 965 860 de
989 815 1086 876 ejus
1111 813 1258 859 salute
1284 824 1328 859 et
1363 813 1680 859 incolumitate
1712 831 1790 859 seu

400 894 672 940 defensione
687 910 848 939 curam
871 891 1049 936 habens
1068 927 1078 946 ‚
1098 891 1236 953 diripi
1255 926 1265 947 ,
1293 890 1484 935 lacerari
1508 890 1794 936 etdevastari

400 970 576 1033 ubique
599 971 884 1032 permitteret
902 987 911 1026 3
938 967 1035 1030 ipse
1054 983 1168 1011 vero
1189 966 1269 1028 qui
1286 965 1470 1028 Juvenis
1489 975 1533 1009 et
1556 966 1794 1011 animosus

398 1047 539 1105 foret,
568 1048 604 1092 si
620 1046 762 1092 semel
783 1046 927 1109 ipsius
952 1045 1081 1105 regni
1107 1042 1423 1105 gubernacula
1452 1053 1789 1106 assequeretur,

404 1123 535 1169 facile
556 1123 725 1169 talibus
747 1121 1063 1168 incommodis
1087 1120 1298 1165 obviaret
1323 1129 1368 1165 et
1394 1120 1598 1166 remedia
1622 1137 1794 1184 oppor-

400 1209 515 1245 tuna
541 1199 742 1257 afferret,
766 1214 960 1260 remque
979 1197 1235 1261 publicam,
1267 1213 1455 1260 prorsus
1478 1197 1706 1260 dilapsam
1731 1207 1796 1243 at-

405 1292 497 1337 que
512 1293 661 1339 prope
676 1276 951 1321 exstinctam
969 1311 980 1333 ,
998 1291 1082 1319 sua
1104 1274 1340 1336 vigilantia
1364 1283 1406 1319 et
1426 1274 1653 1320 industria
1665 1274 1797 1320 brevi

405 1362 617 1415 tempore
648 1353 952 1410 instauraret,
978 1361 1023 1396 et
1047 1351 1245 1414 publicis
1275 1351 1428 1412 ejectis
1455 1350 1668 1396 hostibus
1686 1387 1697 1408 ,
1726 1367 1800 1396 re-

406 1446 550 1491 gnum
573 1430 725 1492 ipsum
746 1428 804 1474 ad
825 1428 1021 1490 priscam
1047 1427 1282 1490 dignitatis
1305 1445 1396 1473 suae
1419 1445 1472 1473 ac
1495 1428 1679 1473 decoris
1702 1444 1802 1489 gra—

404 1507 519 1552 tiam
543 1516 685 1568 atque
710 1506 998 1568 opulentiam
1022 1515 1280 1550 revocaret.

470 1583 657 1628 Talibus
681 1583 999 1628 delinimentis
1034 1592 1173 1644 atque
1199 1582 1298 1627 aliis
1322 1581 1650 1643 hujuscemodi
1669 1581 1804 1643 juve-

406 1661 477 1706 nis
503 1660 578 1705 ille
606 1661 790 1705 animus
814 1659 992 1705 illectus
1025 1662 1140 1722 (nec
1163 1659 1290 1704 enim
1314 1658 1501 1704 difficile
1524 1669 1592 1703 est
1615 1674 1805 1720 persua-

408 1738 518 1783 dere
541 1737 774 1799 volenti),
795 1752 961 1781 eorum
982 1737 1154 1781 auxilio
1173 1746 1218 1780 et
1243 1736 1466 1794 factione,
1489 1736 1570 1797 qui
1590 1734 1676 1779 sibi
1698 1734 1806 1779 talia

411 1815 691 1871 suaderent,
720 1813 874 1877 plures
904 1830 958 1857 ex
993 1812 1194 1857 ducibus
1221 1822 1421 1875 paternae
1445 1812 1617 1856 militiae
1654 1811 1807 1855 militi-

412 1891 595 1955 busque
632 1891 692 1936 ad
723 1907 770 1935 se
801 1889 1015 1953 pellexit,
1046 1890 1150 1951 qui,
1190 1905 1419 1934 novarum
1451 1904 1607 1933 rerum
1648 1887 1805 1950 cupidi

413 1969 770 2029 invidentesque
804 1983 967 2012 eorum
999 1966 1203 2011 felicitati
1233 1965 1314 2026 qui
1350 1963 1616 2027 potioribus
1644 1980 1692 2008 se
1720 1963 1803 2008 bo-

409 2047 482 2090 nis
507 2055 588 2091 aut
622 2044 884 2089 honoribus
923 2044 1205 2107 potirentur,
1245 2057 1340 2086 non
1378 2057 1575 2102 regnum
1613 2056 1808 2102 remque

410 2124 553 2186 ipsius
575 2121 813 2185 publicam
836 2120 1009 2166 salvam
1041 2120 1138 2164 fore
1159 2155 1169 2175 ,
1199 2117 1280 2163 sed
1308 2134 1399 2162 suce
1428 2117 1670 2162 dumtaxat
1698 2116 1806 2161 libi-

414 2199 516 2244 dini
545 2208 590 2243 et
620 2197 954 2261 cupiditatibus
984 2195 1242 2241 satisfacere
1266 2193 1521 2257 cupiebant
1542 2212 1551 2250 3
1574 2194 1810 2238 traxisset-

412 2292 504 2338 que
538 2276 699 2337 utique
736 2274 866 2319 brevi
900 2273 960 2318 ad
991 2289 1039 2317 se
1075 2271 1328 2335 plurimos,
1364 2280 1640 2333 patremque
1680 2270 1807 2315 omni

413 2362 640 2416 potestate
659 2353 908 2414 privasset,
929 2350 1016 2395 nisi
1036 2349 1194 2394 divina
1213 2347 1483 2406 clementia,
1506 2364 1578 2392 res
1598 2348 1810 2392 miserata

411 2430 672 2485 humanas,
709 2445 734 2474 a
768 2427 847 2473 tali
872 2427 1010 2472 exitio
1033 2443 1189 2487 regem
1224 2441 1515 2487 regnumque
1554 2423 1806 2469 liberasset.

418 2506 588 2550 Videns
613 2504 738 2550 enim
776 2521 854 2549 rex
893 2504 939 2548 in
973 2503 1109 2548 tantis
1149 2519 1195 2547 se
1236 2502 1543 2546 constitutum
1568 2502 1807 2563 periculis,

411 2599 509 2628 sese
531 2599 557 2627 a
581 2582 720 2643 longo
748 2581 873 2627 velut
895 2597 1066 2643 sopore
1089 2581 1308 2625 suscitare
1335 2595 1556 2641 armaque
1581 2579 1812 2640 suscipere

413 2657 685 2718 compulsus
713 2667 797 2702 est.
826 2657 1094 2702 Adsciscens
1119 2657 1274 2718 itaque
1298 2672 1353 2701 ex
1377 2655 1550 2700 militiae
1571 2671 1663 2700 suae
1685 2654 1811 2699 duci·

414 2734 502 2780 bus
541 2749 660 2796 quos
683 2732 803 2776 fidos
837 2733 988 2796 potuit
1027 2732 1259 2790 invenire,
1293 2731 1440 2776 fllium
1474 2748 1612 2776 suum
1645 2728 1811 2793 praefa-
