2037 3442
364 327 437 360 264
740 325 1077 361 HISTORIARUM
1105 327 1283 362 CAROLI
1310 329 1379 362 VII

362 406 471 450 citio
525 404 793 465 hujusmodi
844 405 1198 463 machinarum,
1249 416 1390 469 atque
1433 408 1479 452 in
1527 409 1592 454 eis
1634 426 1754 455 con-

363 481 601 525 venienter
649 479 953 537 ordinandis,
1010 481 1148 527 valde
1192 482 1447 528 industrius
1492 493 1537 529 et
1582 486 1756 547 peritus

359 564 485 611 erat,
528 564 576 599 ut
610 564 719 617 pote
762 557 842 617 qui
882 556 978 616 jam
1020 573 1103 619 per
1145 574 1295 603 annos
1325 546 1578 622 plurimos,
1616 561 1755 607 etiam

359 630 446 676 sub
486 631 740 692 Anglorum
781 633 968 676 servitio
1003 642 1049 678 et
1083 633 1290 692 ditione,
1328 634 1408 679 tali
1437 635 1594 681 officio
1626 636 1756 682 incu-

359 707 541 752 buerat„
575 707 722 768 Hujus
753 708 891 769 igitur
913 708 1137 754 industria
1162 711 1245 754 viri
1261 746 1271 765 ‚
1298 720 1446 756 castra
1470 714 1755 758 Francorum

360 783 537 828 munita
558 783 816 829 admodum
840 785 1132 843 exstiterunt,
1154 796 1199 831 et
1224 786 1400 831 eisdem
1424 787 1505 849 qui
1526 789 1572 832 in
1596 790 1756 834 castris

360 870 492 906 erant
516 860 740 906 militibus
764 861 1021 924 plurimum
1045 863 1189 907 animi
1215 862 1491 925 fiduciaeque
1516 863 1753 924 additum,

359 937 491 999 quod
533 936 590 982 ab
623 936 839 982 hostibus
874 939 1129 1001 expugnari
1165 949 1312 984 castra
1346 939 1613 985 nullatenus
1644 957 1756 1003 pos-

359 1024 478 1059 sent.

424 1091 514 1136 Sed
557 1107 660 1136 eam
705 1095 990 1138 Francorum
1038 1092 1314 1138 industriam
1355 1103 1495 1156 atque
1538 1093 1756 1140 fiduciam

359 1167 475 1212 nihil
515 1178 593 1212 aut
630 1184 795 1230 parum
831 1167 1206 1213 animadvertens
1243 1167 1395 1214 dictus
1436 1169 1657 1215 dominus
1699 1170 1756 1215 de

366 1242 576 1301 Talebot,
620 1244 700 1305 qui
738 1253 928 1306 propter
966 1243 1035 1287 sui
1078 1252 1302 1289 terrorem
1349 1246 1575 1304 nominis,
1627 1246 1756 1307 quod

360 1320 507 1365 multa
530 1319 616 1365 sihi
642 1320 786 1364 fauste
812 1329 951 1381 atque
978 1319 1169 1364 feliciter
1194 1321 1520 1383 provenissent
1549 1322 1593 1366 in
1620 1324 1757 1368 variis

359 1395 520 1451 bellis,
564 1395 668 1457 plus
706 1395 750 1438 in
791 1394 999 1439 hostium
1045 1395 1228 1455 ignavia
1265 1406 1404 1457 atque
1441 1397 1573 1458 fuga,
1615 1413 1755 1459 quam

359 1471 418 1517 de
452 1472 654 1534 propriis
693 1469 965 1515 confidebat
1002 1470 1180 1515 viribus
1203 1508 1214 1528 ‚
1257 1489 1354 1517 non
1402 1474 1510 1518 satis
1547 1473 1756 1519 discusso

360 1558 500 1611 atque
531 1547 796 1593 examinato
821 1550 1108 1592 Francorum
1144 1548 1431 1608 munimine,
1478 1549 1669 1595 eosdem
1708 1550 1755 1595 in

360 1625 454 1670 suis
494 1622 681 1686 aggredi
712 1623 873 1669 castris
905 1632 1080 1668 temere
1104 1624 1304 1669 nimium
1328 1635 1466 1688 atque
1495 1626 1758 1671 inconsulte

361 1702 584 1747 decrevit.
632 1701 797 1745 Exiens
829 1701 966 1763 igitur
1004 1701 1260 1762 Burdegala
1298 1719 1407 1748 cum
1439 1704 1595 1749 multis
1628 1704 1758 1766 equi-

359 1789 461 1824 tum
486 1788 626 1840 atque
656 1777 868 1840 peditum
900 1787 994 1823 tam
1032 1778 1288 1839 Anglorum
1314 1796 1456 1842 quam
1489 1783 1757 1826 Vasconum

359 1855 587 1914 millibus,
622 1871 809 1900 versum
838 1855 1015 1900 dictum
1051 1856 1342 1902 Castellionis
1365 1867 1566 1902 castrum
1600 1857 1758 1903 obses-

357 1949 461 1978 sum
490 1932 678 1977 concito
708 1931 854 1992 gradu
886 1933 971 1976 iter
993 1948 1132 1976 suum
1158 1933 1338 1977 direxit.
1367 1936 1473 1988 Quo
1502 1950 1610 1978 cum
1640 1943 1756 1979 tem-

356 2009 533 2072 pestive
565 2008 697 2064 satis,
737 2024 824 2070 pro
856 2008 925 2051 sui
963 2007 1156 2052 fervoris
1191 2018 1330 2070 atque
1365 2009 1638 2054 temeritatis
1671 2010 1758 2054 im-

356 2095 466 2148 petu
483 2122 493 2144 ,
511 2094 846 2147 perventurum
867 2100 915 2129 se
935 2084 1127 2128 minime
1145 2084 1380 2141 crederet,
1399 2102 1507 2130 cum
1525 2085 1759 2148 equitibus

356 2160 450 2205 suis
492 2159 730 2223 pedestres
766 2175 870 2204 suas
908 2160 1070 2222 copias
1109 2169 1154 2204 et
1198 2159 1436 2206 machinas
1477 2177 1581 2206 suas
1619 2171 1758 2224 atque

358 2247 609 2301 apparatus
623 2236 816 2281 bellicos
830 2235 1138 2299 praecedebat.
1161 2239 1392 2298 Cumque,
1412 2237 1459 2282 in
1477 2237 1583 2283 loco
1598 2239 1758 2283 castris

355 2317 641 2359 Francorum
690 2313 797 2358 satis
845 2313 1030 2369 vicino,
1089 2313 1359 2358 francorum
1412 2315 1757 2375 sagittariorum

354 2390 538 2435 circiter
589 2389 958 2452 quadringentos
1006 2389 1305 2448 offendisset,
1353 2391 1454 2435 sine
1505 2391 1664 2436 castris
1714 2400 1759 2436 et

356 2465 541 2510 militari
588 2466 832 2528 disciplina
878 2475 1151 2526 evagantes,
1195 2483 1276 2511 eos
1325 2468 1539 2530 protinus
1583 2467 1758 2530 absque

355 2543 544 2602 negotio
568 2552 813 2604 superatos
829 2579 839 2598 ‚
867 2558 1032 2586 omnes
1056 2542 1291 2587 exstinxit.

418 2620 525 2673 Quo
557 2628 704 2680 carpto
735 2618 862 2663 velut
896 2619 1060 2663 suturae
1097 2620 1305 2664 victoriae
1339 2619 1485 2664 elatus
1520 2621 1754 2683 auspicio,

352 2710 461 2739 cum
486 2694 629 2756 paulo
656 2704 760 2756 post
784 2711 808 2739 a
829 2694 968 2755 longe
994 2696 1306 2759 prospexisset
1334 2697 1571 2757 ingentem
1596 2697 1756 2760 pulve-

348 2786 451 2815 rem
475 2769 616 2815 veluti
643 2769 865 2814 nebulam
886 2772 1117 2816 elevatum
1141 2774 1265 2832 (erat
1288 2773 1412 2817 enim
1443 2782 1626 2834 tempus
1653 2773 1756 2835 plu—
