2037 3442
790 294 935 330 LIBER
963 294 1186 340 QUINTUS.
1617 297 1692 331 ‘279

300 377 380 422 sed
421 394 544 435 cum,
584 375 930 439 impedimentis
968 376 1252 438 quibusdam
1284 375 1499 433 sublatis,
1538 378 1695 438 ingre-

299 453 461 498 diendi
496 454 554 499 ad
590 454 717 516 ipsos
750 453 824 498 via
861 453 1108 515 patuisset,
1145 453 1356 515 equitum
1389 452 1697 516 peditumque

298 531 600 576 multitudine
623 530 778 576 statim
798 531 1010 592 oppressi
1033 531 1338 592 exstinctique
1365 531 1573 588 fuerunt,
1602 532 1701 595 plu-

297 607 426 652 ribus
467 607 607 652 etiam
652 607 698 652 in
748 606 942 651 flumine
987 606 1239 653 suffocatis.
1286 607 1459 653 Exiisse
1505 608 1563 653 de
1610 626 1696 672 op-

296 682 411 745 pido
452 683 508 728 ad
552 682 763 746 praelium
803 681 1073 727 ferebantur
1108 683 1414 744 quadraginta
1451 684 1595 730 millia
1630 686 1697 730 vi-

298 776 487 818 rorum3
525 777 639 806 caesa
671 775 785 805 vero
815 759 862 803 in
894 775 951 804 eo
982 758 1142 822 praelio
1181 775 1321 822 supra
1358 759 1519 821 viginti
1554 761 1697 807 millia

299 837 596 895 serebantur,
643 837 961 882 adnumeratis
1004 837 1057 882 iis
1105 853 1223 898 quos
1279 853 1445 899 gurges
1490 838 1697 885 fluminis

297 913 546 977 absorpsit.
574 916 700 958 Inter
727 929 952 958 caesorum
974 929 1088 959 vero
1120 913 1350 959 cadavera
1380 914 1558 960 inventi
1589 925 1698 961 sunt

296 991 499 1053 religiosi
550 1001 595 1037 et
648 990 938 1049 sacerdotes,
991 1000 1042 1036 ut
1093 991 1359 1051 ferebatur,
1410 1008 1552 1056 supra
1600 993 1698 1039 du—

295 1078 472 1114 centos.

359 1145 476 1189 Talis
514 1145 598 1190 fuit
632 1161 734 1208 quae
765 1143 1095 1190 Gandensibus
1124 1145 1319 1191 obvenit
1343 1156 1548 1193 extrema
1578 1147 1696 1194 cala-

295 1220 455 1277 mitas;
491 1236 594 1281 quae
628 1237 737 1266 cum
769 1219 930 1284 paucis
957 1220 1147 1265 senibus
1182 1220 1440 1284 plurimum
1463 1233 1603 1286 atque
1626 1224 1696 1269 in-

294 1295 475 1355 validis,
497 1298 642 1358 quiin
658 1297 835 1361 oppido
859 1308 1200 1355 remanserant,
1223 1308 1323 1344 tum
1346 1315 1373 1345 a
1392 1299 1692 1361 fugientibus,

294 1380 393 1417 tum
429 1388 455 1418 a
483 1373 791 1419 cadaveribus
827 1389 929 1435 quae
960 1389 1118 1419 secum
1147 1374 1355 1420 fluminis
1382 1392 1544 1421 cursus
1568 1376 1694 1422 den-

292 1449 471 1495 sissima
497 1467 582 1513 per
606 1450 839 1513 oppidum
861 1450 1109 1508 volvebat,
1136 1452 1351 1498 nuntiata
1374 1452 1534 1499 fuisset
1556 1491 1566 1511 ,
1593 1470 1691 1500 non

290 1536 450 1591 posset
486 1527 619 1572 facile
649 1527 741 1572 dici
775 1528 935 1588 quales
958 1529 1217 1591 quantique
1237 1528 1400 1588 fletus,
1430 1531 1627 1592 ejulatus
1648 1541 1693 1577 et

290 1604 496 1650 lamenta
520 1604 751 1667 oppidum
775 1613 929 1650 totum
954 1605 1294 1668 impleverunt,
1324 1624 1435 1653 cum
1459 1608 1586 1654 nulla
1610 1609 1693 1654 do-

290 1698 394 1726 mus
422 1696 555 1743 paene
580 1689 697 1726 esset
722 1697 823 1743 quae
848 1698 935 1745 pro
970 1682 1142 1727 amisso
1175 1693 1331 1746 patre,
1363 1684 1437 1729 vel
1471 1684 1590 1744 filio,
1619 1687 1693 1732 vel

290 1758 488 1817 marito,
524 1757 597 1802 vel
633 1758 849 1820 proxima
880 1758 1227 1805 necessitudine
1245 1760 1436 1822 juncto,
1477 1761 1691 1824 plurimae

290 1851 402 1880 vero
434 1851 521 1898 pro
552 1834 735 1893 multis,
762 1833 1006 1879 domestici
1038 1834 1192 1880 luctus
1215 1837 1457 1882 materiam
1482 1854 1580 1883 non
1607 1839 1691 1885 lia—

289 1910 436 1956 beret.
476 1911 690 1957 Profecto
733 1911 930 1956 «luctus
976 1910 1181 1974 ubique,
1222 1929 1370 1976 pavor
1407 1924 1454 1960 et
1486 1915 1689 1977 plurima

293 1989 455 2033 mortis
480 1989 657 2050 imago,
690 2007 710 2030 υ
736 1988 878 2033 totius
910 1987 1074 2051 oppidi
1111 1989 1303 2049 domos⁷
1343 1991 1519 2054 plateas
1550 2003 1690 2055 atque

291 2065 411 2110 aedes
427 2081 579 2110 sacras
598 2064 892 2127 repleverant
910 2064 1066 2129 [adeo]
1091 2065 1239 2128 quod,
1262 2067 1298 2112 si
1323 2068 1421 2130 ipse
1444 2068 1686 2132 princePS,

291 2143 446 2187 statim
469 2149 722 2204 postquam
748 2141 827 2186 tali
848 2141 1043 2187 victoria
1065 2143 1244 2205 potitus
1269 2143 1442 2204 fuerat,
1471 2147 1689 2192 extermi-

290 2235 403 2264 nare
431 2218 585 2281 ipsum
625 2217 857 2280 oppidum
889 2218 1141 2278 voluisset,
1168 2237 1401 2283 suumque
1432 2223 1688 2268 exercitum

292 2295 351 2341 ad
374 2296 472 2357 ejus
491 2295 887 2358 expugnationem
906 2295 1206 2357 admovisset,
1233 2298 1412 2344 nullam
1431 2308 1528 2345 tum
1550 2318 1690 2364 pror-

290 2388 369 2418 sus
393 2372 701 2418 resistentiam
722 2371 988 2419 invenisset.

288 2580 386 2609 estre
400 2584 630 2622 recongneu,
654 2571 711 2609 list
731 2586 772 2610 ce
788 2572 877 2619 jour
897 2581 974 2610 tant
993 2572 1156 2611 d'armes
1177 2582 1213 2610 et
1232 2582 1310 2611 tant
1330 2574 1376 2611 de
1396 2575 1596 2621 vaissance,
1616 2589 1689 2625 que

290 2632 320 2668 si
340 2632 426 2668 telle
445 2639 629 2669 aventure
654 2632 763 2668 estoit
785 2631 962 2669 advenue
981 2634 1001 2668 ii
1022 2646 1099 2683 ung
1120 2633 1271 2671 homme
1295 2633 1341 2671 de
1361 2633 1448 2671 bien
1463 2663 1473 2679 ,
1494 2637 1543 2671 ou
1563 2648 1637 2685 que
1653 2636 1691 2682 jc

289 2691 324 2728 le
355 2704 503 2728 sceusse
535 2704 722 2738 nominer,
746 2692 784 2738 je
818 2691 1111 2740 111⁷acquitemye
1143 2691 1189 2728 (le
1215 2700 1343 2742 portel·
1366 2692 1540 2730 honneur
1567 2696 1585 2730 a
1622 2707 1689 2731 son

290 2750 527 2788 hai-dement.
556 2768 572 2782 n
595 2754 815 2797 Me‘moirvs,
837 2751 863 2789 l.
886 2754 923 2795 Ι,
944 2750 1005 2786 ch.
1028 2753 1093 2787 28.
