2037 3442
363 307 438 343 314
747 298 1089 338 HISTORIARUM
1116 298 1298 336 CAROLI
1323 300 1393 336 VII

361 402 536 433 norum
559 383 786 430 invidiam
809 382 1017 428 conflare
1039 381 1201 441 vellet,
1227 391 1367 444 atque
1391 380 1439 425 in
1463 396 1572 426 eum
1595 385 1770 445 regiam

361 462 737 525 indignationem
772 459 997 518 excitare,
1028 458 1145 504 illud
1178 458 1266 504 sibi
1298 474 1385 522 pro
1421 459 1616 504 crimine
1649 460 1773 505 velut

362 536 548 600 capitali
579 532 948 598 impingebatur,
990 532 1121 595 quod
1157 532 1216 578 de
1256 531 1455 595 pulchra
1489 534 1664 594 Agnete
1700 533 1772 578 lo-

362 623 496 660 cutus
522 612 698 657 fuisset.
719 614 823 675 Ipsa
840 620 1016 670 autem,
1039 627 1148 656 cum
1172 609 1316 656 filiam
1338 626 1484 655 unam
1506 620 1587 656 aut
1609 610 1724 656 duas
1746 628 1775 657 a

362 706 495 752 rege,
524 698 577 735 ut
603 689 727 734 fama
751 698 872 747 erat,
899 688 1156 752 peperisset
1179 689 1208 745 ¹,
1235 698 1280 733 et
1302 687 1350 732 in
1377 687 1493 733 flore
1517 687 1774 749 juventutis

363 776 512 824 esset,
550 765 849 828 dysenterico
892 765 1090 823 morbo,
1129 781 1280 828 prope
1314 765 1652 809 monasterium
1687 766 1776 809 Ge-

364 845 640 901 meficense,
673 844 720 888 in
750 842 860 888 villa
891 842 1074 889 abbatis
1102 841 1314 905 ejusdem
1344 842 1644 899 monasterii,
1673 858 1776 904 quae

365 922 664 967 Mesnillum²
701 919 982 984 appellatur,
1036 919 1180 965 vitam
1225 917 1426 964 finivit3.
1466 919 1572 964 Fuit
1619 928 1776 964 autem

366 1000 413 1044 in
458 999 630 1045 eodem
676 998 966 1044 monasterio
1012 997 1221 1061 sepulta,
1268 995 1516 1060 magnifico
1555 995 1773 1060 desuper,

365 1086 557 1140 sumptu
581 1075 751 1138 regali,
780 1085 1017 1121 exstructo
1041 1084 1384 1131 monument03
1413 1074 1488 1119 cui
1511 1074 1653 1119 etiam
1678 1090 1778 1119 mo-

366 1154 572 1200 nasterio
614 1153 744 1199 idem
787 1170 869 1199 rex
913 1152 1067 1211 dedit,
1115 1168 1204 1216 pro
1245 1151 1527 1197 fundatione
1564 1151 1779 1214 perpetui

368 1229 524 1276 obitus
555 1246 643 1295 pro
690 1228 884 1288 eadem,
919 1228 1076 1274 villam
1110 1245 1212 1291 quae
1247 1226 1494 1275 Annevilla
1530 1236 1726 1273 vocatur
1745 1230 1775 1284 ⁰,

369 1322 425 1352 ex
446 1307 668 1370 opposito
689 1305 964 1351 monasterii
984 1303 1044 1350 ad
1068 1305 1205 1350 aliam
1226 1304 1379 1368 ripam
1398 1305 1650 1368 Sequanae,
1670 1320 1779 1350 cum

369 1384 662 1447 pertiuentiis
684 1383 898 1446 ejusdem
925 1392 1073 1428 terrae.

802 1532 1143 1578 CAPITULUM
1177 1532 1341 1579 XXIII.

385 1643 542 1686 Qualiter
557 1643 577 1676 J
579 1644 710 1677 acobus
725 1641 852 1678 cordis
866 1669 874 1684 ‚
895 1642 1112 1688 argentarius
1126 1642 1218 1688 regis
1233 1641 1346 1676 dictus
1359 1667 1370 1685 ‚
1387 1649 1508 1690 captus
1522 1651 1556 1677 et
1571 1654 1635 1690 per
1651 1654 1766 1689 regem

883 1702 1135 1736 condemnatus
1156 1702 1271 1737 fuerit.

439 1797 496 1840 Et
521 1795 749 1857 quoniam
786 1793 917 1856 quod
951 1809 1137 1840 veneno
1161 1793 1389 1839 exstincta
1411 1793 1570 1840 fuisset
1592 1810 1783 1858 suspec-

376 1882 467 1929 tus,
495 1872 672 1917 aemulis
695 1870 1083 1935 procurantibus,
1111 1869 1315 1915 Jacobus
1341 1870 1506 1916 Cordis
1522 1905 1534 1927 ,
1563 1881 1782 1933 argenta-

375 1950 471 1995 rius
495 1949 617 2011 regis
632 1986 643 2008 ,
683 1948 871 1994 habitus
903 1958 971 1994 est
996 1947 1135 2010 (licet
1155 1963 1316 1993 revera
1336 1947 1396 1993 de
1414 1948 1509 1993 hoc
1526 1963 1553 1993 a
1570 1947 1785 2011 pluribus

375 2026 646 2072 crederetur
701 2025 981 2088 immunis),
1040 2034 1370 2071 consummata
1428 2025 1786 2089 recuperatione

377 2104 701 2160 Normanniae,
745 2103 804 2148 ad
840 2119 982 2166 quam
1017 2102 1214 2149 consilia
1249 2112 1389 2165 atque
1422 2119 1536 2166 opes
1575 2102 1787 2164 ejusdem

376 2180 652 2242 argentarii,
691 2179 1099 2242 quemadmodum
1139 2195 1281 2243 supra
1325 2179 1594 2237 retulimus,
1641 2178 1787 2242 pluri-

378 2274 510 2303 mum
540 2255 815 2316 valuerant,
855 2255 917 2301 ol)
950 2255 1061 2301 dicti
1090 2254 1303 2302 veneficii
1334 2255 1650 2319 suspicionem
1681 2270 1788 2300 reus

432 2383 470 2419 1.
502 2382 560 2418 On
592 2392 641 2417 en
667 2377 821 2417 connait
851 2387 1008 2430 quatre,
1040 2378 1134 2416 dont
1165 2377 1203 2416 la
1234 2377 1410 2416 derniere
1447 2385 1603 2416 mourut
1633 2390 1709 2429 peu
1741 2376 1788 2415 de

379 2450 499 2492 temps
518 2440 629 2490 apres
650 2439 686 2477 la
702 2439 820 2476 mere.

433 2502 470 2536 2.
502 2502 555 2537 Le
574 2499 709 2536 Mesnil
724 2528 734 2545 ‚
759 2500 780 2535 a
798 2497 881 2534 cote
902 2498 948 2535 de
968 2497 1176 2549 Jumieges.

435 2561 472 2595 3.
503 2562 556 2596 Le
575 2561 624 2595 12
646 2558 925 2595 sevum-1450.

434 2621 472 2654 4.
503 2619 724 2667 Anneville,
746 2632 793 2656 en
819 2619 900 2656 sace
919 2618 967 2656 de
991 2617 1160 2656 Duclair.
1181 2619 1308 2654 L’acte
1330 2617 1377 2654 de
1397 2616 1613 2665 fondati0n‚
1634 2631 1685 2655 ou
1703 2618 1791 2669 plu-

381 2681 435 2715 tot
465 2678 591 2715 l’aveu
627 2683 743 2728 qu’en
779 2681 858 2717 font
888 2680 943 2717 les
975 2679 1163 2731 religieux
1198 2677 1245 2715 de
1278 2678 1495 2729 Jumicssges,
1534 2691 1581 2715 en
1618 2677 1704 2714 date
1737 2677 1789 2713 du

382 2739 430 2774 22
451 2749 552 2773 mars
574 2741 673 2776 1449
706 2739 843 2786 (vieux
865 2740 1007 2790 style),
1041 2753 1064 2777 a
1103 2739 1161 2777 e'tc
1186 2739 1364 2791 imprime
1393 2752 1463 2790 par
1495 2741 1548 2778 M.
1585 2738 1708 2776 Vallet
1742 2736 1789 2774 de

382 2795 577 2844 Vix-iville,
599 2796 626 2834 l.
649 2810 701 2844 c.,
725 2810 764 2847 p.
790 2800 879 2834 317.
