2037 3442
413 290 487 324 1124
793 289 1129 324 HISTORIARUM
1157 289 1334 324 CALOLI
1363 291 1431 324 VII

410 372 492 431 giae
521 368 647 413 urbis
670 378 839 413 cuncta
861 368 1123 412 necessaria
1154 368 1323 412 advehi
1355 369 1543 414 solitum
1579 379 1663 414 est.
1692 373 1808 416 Cum

412 445 550 489 etiam
580 444 666 506 ipsi
699 443 954 504 Anglorum
982 443 1148 488 milites
1179 460 1235 489 ex
1255 443 1528 506 hujusmodi
1561 445 1745 509 oppidis
1767 456 1811 492 et

411 519 596 565 arcibus
632 519 844 581 quotidie
880 536 1255 582 quaquaversum
1280 521 1517 567 incursare
1540 539 1637 567 non
1663 539 1811 569 cessa-

411 605 540 655 rent,
580 595 696 640 nulli
728 612 811 657 per
854 606 998 642 terras
1035 614 1225 659 quoque
1259 596 1586 660 proficiscendi
1624 615 1811 644 securus

410 682 596 735 poterat
619 689 715 717 esse
748 673 996 732 transitus;
1025 690 1112 719 nec
1133 690 1355 736 agrorum
1382 673 1582 719 cultores
1614 692 1811 738 usquam

412 750 459 795 in
484 767 591 795 rure
618 760 718 795 tuto
742 767 1019 813 permanere
1042 761 1259 814 poterant
1275 787 1286 809 ,
1314 767 1445 808 cum,
1468 751 1812 798 incursantibus

414 825 587 889 ubique
619 827 833 873 hostibus
865 837 910 872 et
941 828 1076 890 regiis
1105 830 1277 891 pariter
1311 828 1524 886 armatis,
1564 828 1813 890 unicuique

413 912 624 964 paterent
649 904 840 966 praedae,
867 913 1007 966 atque
1031 904 1171 950 etiam
1195 904 1255 951 ab
1281 903 1435 967 Anglis
1453 904 1626 967 captivi
1649 904 1707 950 ad
1732 922 1813 952 sua

414 981 589 1043 oppida
615 981 981 1027 abducerentur.

478 1058 727 1103 Declinans
752 1059 907 1121 itaque
932 1058 1042 1104 urbs
1064 1059 1141 1105 illa
1164 1076 1216 1105 ac
1240 1060 1448 1105 devitans
1470 1059 1617 1104 multa
1639 1059 1815 1105 incom-

415 1133 556 1177 moda
577 1143 621 1178 et
644 1134 848 1195 jacturas
872 1145 1012 1197 atque
1040 1137 1249 1197 angarias
1275 1135 1643 1199 quamplurimas
1662 1173 1672 1193 ,
1703 1152 1816 1198 quas

414 1208 500 1253 sub
513 1211 771 1272 Anglorum
786 1211 1033 1259 dominatu
1046 1224 1252 1276 experta,
1271 1223 1316 1259 et
1329 1213 1388 1258 ab
1402 1214 1466 1259 eis
1479 1212 1612 1258 valde
1626 1212 1811 1272 afflicta,

414 1300 498 1345 per
518 1286 690 1331 multos
708 1287 805 1348 jam
824 1304 973 1333 annos
986 1289 1259 1351 pertulerat,
1277 1290 1321 1333 in
1338 1289 1427 1334 alia
1450 1305 1545 1334 non
1561 1289 1715 1333 forsan
1733 1289 1817 1332 mi-

416 1378 503 1407 nus
520 1363 676 1424 gravia
694 1374 773 1409 aut
790 1366 946 1410 minus
962 1366 1130 1411 acerba
1150 1367 1360 1424 incurrit,
1382 1366 1463 1411 sed
1480 1382 1581 1428 quae
1601 1365 1816 1409 nondum

416 1448 629 1501 experta,
652 1441 807 1486 minus
824 1442 942 1486 forte
957 1443 1149 1505 praevisa
1170 1452 1248 1488 aut
1266 1452 1469 1505 spectata
1488 1451 1623 1486 antea
1643 1440 1812 1484 forent.

414 1515 576 1561 Solent
600 1518 725 1562 enim
748 1517 982 1581 plerique,
1011 1519 1125 1564 dum
1148 1519 1225 1565 illa
1248 1520 1369 1564 mala
1402 1519 1583 1579 fugiunt
1605 1532 1709 1579 quae
1739 1533 1818 1562 ex-

415 1594 533 1654 perti
549 1593 842 1652 horrescunt,
861 1596 1153 1657 gravioribus
1165 1613 1212 1642 se
1224 1596 1462 1659 implicare
1480 1594 1813 1649 incommodis,

416 1685 544 1729 quae,
572 1670 724 1716 donec
748 1672 812 1716 eis
835 1688 918 1735 per
944 1674 1279 1735 experientiam
1297 1674 1482 1735 cognita
1507 1672 1700 1730 suerint,
1730 1671 1818 1715 mi-

416 1761 505 1790 nus
537 1745 817 1793 declinanda
857 1758 995 1810 atque
1032 1750 1221 1794 vitanda
1264 1766 1363 1794 esse
1401 1749 1706 1812 putabantur.
1750 1749 1817 1791 lta

416 1822 713 1884 profecto-illi
739 1825 978 1870 Parisiacze
1002 1825 1106 1870 urbi
1130 1826 1350 1887 contigit,
1378 1841 1506 1887 quae,
1535 1824 1650 1868 dum
1674 1826 1815 1867 Fran-

420 1918 603 1961 corum,
634 1920 712 1949 eos
736 1905 858 1950 intra
881 1921 928 1949 se
953 1904 1224 1967 suscipiens,
1249 1905 1485 1950 molestias
1506 1902 1723 1948 studebat
1743 1918 1817 1946 ex-

416 1987 595 2034 cutere,
623 1980 669 2023 in
704 1980 818 2025 alios
846 1989 1091 2026 venatores
1117 1997 1211 2025 non
1238 1981 1391 2026 minus
1412 1980 1499 2025 sibi
1519 1978 1741 2024 molestos
1763 1993 1816 2021 ac

417 2055 704 2116 periculosos
736 2057 925 2115 incidit3
953 2075 979 2103 a
1008 2057 1180 2120 quibus
1204 2058 1414 2118 undique
1443 2055 1811 2113 circumvallata,

414 2132 602 2177 vastatis
626 2133 994 2197 circumquaque
1021 2135 1141 2196 agris
1166 2144 1210 2179 et
1239 2134 1424 2178 nudatis
1459 2132 1738 2191 cultoribus,
1767 2132 1814 2176 in

416 2207 556 2253 talem
580 2210 748 2256 iterum
770 2211 1082 2257 calamitatem
1102 2210 1329 2274 perducta
1352 2220 1442 2270 est,
1467 2227 1569 2273 quae
1592 2210 1731 2255 etiam
1751 2208 1816 2253 illi

417 2302 581 2348 quam,
610 2287 699 2333 sub
733 2289 930 2352 imperio
967 2288 1224 2349 Anglorum
1259 2287 1539 2347 constituta,
1574 2303 1596 2331 a
1629 2285 1815 2331 Francis

417 2365 694 2425 pertulerat,
722 2383 747 2412 a
770 2367 891 2412 veris
910 2383 1066 2412 rerum
1087 2365 1443 2411 aestimatoribus
1461 2365 1610 2410 multo
1633 2363 1816 2425 gravior

419 2451 678 2502 putaretur.
705 2443 930 2505 Majorem
961 2444 1085 2489 enim
1119 2459 1313 2488 suorum
1338 2442 1511 2487 civium
1542 2450 1653 2486 tunc
1681 2454 1815 2503 passa

421 2527 488 2561 est
511 2517 872 2566 diminutionem
888 2556 899 2577 ,
924 2530 1117 2583 propter
1151 2535 1350 2565 annonae
1373 2519 1614 2564 caritatem
1644 2526 1688 2563 et
1711 2533 1813 2561 mo-

419 2594 570 2639 lestias
590 2596 809 2655 infinitas,
835 2614 976 2660 quam
993 2597 1219 2643 hactenus
1240 2596 1432 2641 fecisset.
1457 2594 1716 2641 Permansit
1737 2608 1814 2638 au·

420 2681 514 2717 tem
538 2672 585 2716 in
607 2689 659 2717 ea
679 2675 862 2721 miseria
888 2675 1196 2720 invalescente
1222 2690 1405 2736 semper
1430 2673 1476 2719 in
1504 2671 1707 2717 deterius
1731 2685 1812 2733 per

418 2764 568 2795 annos
594 2750 790 2808 multos,
829 2770 938 2797 cuin
971 2752 1124 2798 nullus
1148 2750 1267 2796 ordo
1294 2767 1376 2796 seu
1402 2749 1646 2812 disciplina
1668 2748 1713 2792 in
1739 2762 1812 2792 ar-
