2037 3442
760 279 901 314 LIBER
929 279 1192 316 SECUNDUS.
1631 280 1679 315 69

284 358 371 403 sibi
396 368 437 404 et
460 359 657 405 obsessis
680 360 858 423 totique
881 377 1027 421 regno
1052 362 1296 407 imminere
1313 361 1616 407 incommoda
1636 371 1682 406 et

285 435 567 482 calamitates
588 437 779 483 minime
804 437 1116 484 addubitaret.

766 645 1097 688 CAPITULUM
1134 646 1189 687 X.

323 770 477 813 Qualiter
496 783 555 804 rex
572 772 725 805 Puellam
747 773 920 804 Joannam
940 770 984 804 ad
1004 771 1215 816 colloquium
1234 769 1371 803 admisit
1385 796 1394 811 ,
1410 778 1443 803 et
1462 782 1537 804 eam
1554 772 1659 804 armis

786 839 887 875 atque
903 831 998 875 equis
1015 829 1186 863 instruxit.

352 954 495 1015 Igitur
508 969 616 998 cum
637 952 745 999 talia
768 968 1068 1017 perseverans
1092 951 1412 996 indesinenter
1436 951 1683 1014 ingereret,

288 1040 332 1075 et
366 1030 424 1075 de
477 1030 753 1075 liberatione
788 1030 985 1075 civitatis
1021 1028 1362 1074 Aurelianensis
1393 1027 1687 1091 obsessisque

287 1106 612 1151 subveniendo
634 1106 760 1151 nulla
779 1122 900 1168 spes,
925 1105 1006 1150 sed
1030 1105 1184 1167 potius
1209 1105 1336 1167 apud
1356 1121 1521 1149 omnes
1544 1104 1687 1150 ferme

287 1198 470 1227 summa
503 1182 766 1246 desperatio
800 1181 1066 1239 baberetur,
1095 1180 1153 1226 ab
1183 1180 1262 1225 illo
1286 1184 1493 1238 Joanne,
1522 1181 1689 1226 illustri

286 1259 459 1304 comite
490 1260 723 1316 Dunensi,
760 1275 901 1321 quem
930 1259 1189 1305 naturalem
1223 1259 1362 1304 fuisse
1385 1257 1532 1303 filium
1556 1258 1688 1304 ducis

288 1335 663 1393 Aurelianensis,
707 1336 887 1382 Parisiis
923 1337 1178 1398 perempti,
1231 1351 1372 1398 supra
1417 1334 1685 1393 retulimus,

287 1411 623 1474 nonnullisque
643 1412 758 1471 aliis,
787 1413 865 1474 qui
888 1413 1011 1457 circa
1035 1429 1192 1473 regem
1218 1421 1375 1470 erant,
1404 1410 1568 1456 datum
1594 1411 1689 1472 regi

287 1488 540 1534 consilium
577 1489 687 1547 fuit⁷
730 1488 1133 1551 quemadmodum
1175 1489 1221 1534 in
1259 1487 1397 1533 rebus
1433 1487 1690 1550 desperatis

287 1565 541 1628 aliquando
575 1565 674 1611 fieri
701 1565 892 1623 assolet,
925 1566 1055 1627 quod
1091 1565 1262 1610 dictam
1298 1568 1532 1610 Joannam
1554 1564 1688 1610 Puel-

287 1647 381 1691 lam
413 1644 575 1689 audire
606 1642 798 1689 deberet
830 1653 874 1688 et
907 1660 962 1689 ex
994 1643 1067 1688 his
1095 1660 1197 1706 quae
1228 1659 1311 1706 per
1345 1658 1449 1688 eam
1482 1642 1686 1702 audiret,

288 1720 544 1785 prudenter
570 1719 942 1766 animadvertere
966 1729 1105 1782 atque
1134 1721 1377 1782 explorare
1407 1735 1465 1764 an
1491 1718 1692 1765 dicenda

288 1815 372 1862 per
403 1814 535 1856 eam,
575 1798 702 1842 velut
725 1797 934 1843 humana
971 1796 1218 1859 figmenta,
1265 1795 1585 1859 repudianda,
1619 1796 1693 1841 vel

290 1874 445 1936 potius
470 1873 638 1919 divinae
663 1872 856 1935 alicujus
884 1873 1222 1918 admonitionis
1255 1888 1336 1918 scu
1365 1871 1694 1935 praeceptionis

290 1949 510 1995 habentia
541 1950 802 2008 rationem,
838 1949 1076 1994 humiliter
1109 1949 1377 2012 recipienda
1410 1957 1455 1994 et
1486 1948 1692 2010 amplec-

294 2027 430 2072 tenda
450 2026 619 2071 forent.
648 2029 825 2071 Eorum
855 2035 1011 2072 autem
1042 2025 1238 2071 consilio
1270 2042 1349 2071 rex
1383 2025 1696 2086 instantiaque

293 2104 528 2162 devictus,
565 2103 703 2148 simul
738 2113 783 2148 et
814 2120 970 2148 rerum
1011 2113 1123 2148 tunc
1160 2102 1459 2166 praesentium
1491 2101 1696 2164 quadam

295 2180 419 2226 velut
434 2180 664 2225 adductus
688 2180 1030 2243 desperatione,
1050 2179 1453 2242 adquiescendum
1471 2177 1693 2233 decrevit,

295 2267 339 2302 et
367 2259 599 2302 Joannam
617 2256 825 2302 Puellam
850 2256 908 2302 ad
927 2273 975 2302 se
998 2257 1211 2302 accersiri
1236 2256 1359 2302 fecit.

360 2334 561 2378 Veniens
595 2334 733 2395 igitur
766 2333 825 2379 ad
861 2344 1171 2396 conspectum
1205 2332 1324 2393 regis
1359 2331 1459 2394 ipsa
1487 2333 1695 2388 Joanna,

297 2410 488 2456 remotis
506 2409 707 2469 arbitris,
736 2411 833 2455 sola
853 2426 962 2455 cum
985 2427 1092 2472 rege
1111 2409 1231 2455 ultra
1248 2409 1450 2454 duarum
1471 2406 1697 2452 horarum

297 2488 499 2551 spatium
532 2486 823 2548 colloquium
847 2486 1028 2531 habuit.
1070 2487 1190 2542 Qui,
1226 2485 1395 2531 auditis
1417 2501 1519 2547 quae
1549 2484 1704 2530 dicere

297 2564 462 2621 voluit,
496 2579 636 2626 super
666 2562 823 2607 multis
846 2562 907 2608 ad
932 2576 1030 2607 rem
1062 2562 1121 2607 de
1153 2578 1245 2624 qua
1277 2578 1386 2606 eum
1414 2559 1706 2607 admonebat

298 2640 603 2686 attinentibus
627 2641 768 2686 etiam
793 2640 1183 2702 interrogationes
1215 2649 1354 2702 atque
1378 2639 1710 2702 inquisitiones

301 2717 424 2764 fecit.
451 2717 593 2779 Cujus
621 2717 857 2780 responsis
887 2717 1117 2781 dictisque
1150 2716 1514 2776 animadversis,
1546 2716 1712 2778 signis-
