2037 3442
444 317 485 350 Η
501 317 517 349 t
816 309 1149 345 HISTORIARUM
1178 310 1354 344 ciaon
1382 311 1450 344 vn

441 394 598 458 patriae
624 401 922 454 recepturos,
951 406 1092 452 opem
1115 389 1370 434 ferentibus
1394 390 1603 451 patriotis
1622 390 1835 438 locorum

442 467 605 514 incolis
642 467 724 528 qui
748 482 844 509 non
869 463 1142 509 dissimilem
1164 463 1384 509 affectum
1420 464 1478 509 ad
1509 466 1679 526 Anglos
1702 484 1831 528 gere-

440 546 581 601 bant,
618 552 663 588 et
698 551 1041 604 consequenter
1069 540 1128 586 ad
1155 539 1503 601 Rothomagum
1535 544 1834 606 metropolim

438 619 661 667 accedere
680 656 691 677 ⁹
731 619 965 682 petierunt
997 618 1204 680 primum
1234 616 1475 662 castellum
1504 619 1633 679 quod
1670 620 1836 666 Caleti-

437 699 633 751 becum,
657 695 798 757 vulgo
822 693 1056 739 caudebec
1073 730 1084 751 ‚
1112 703 1437 757 nuncupatum
1456 703 1540 738 est.
1566 696 1706 749 Quod
1727 713 1835 743 cum

438 774 726 820 introiissent
749 771 1078 834 quadringenti
1103 772 1173 816 vel
1200 770 1443 833 quingenti
1466 770 1643 831 equites
1666 773 1835 832 Anglo-

438 868 542 896 rum
565 849 625 895 ad
657 850 816 894 locum
853 847 1162 893 muniendum
1188 857 1232 892 et
1260 846 1611 892 defendendum
1628 882 1640 904 ,
1671 857 1716 892 et
1741 865 1837 895 sese

440 925 691 972 multitudo
716 925 838 970 illius
861 923 1024 987 populi
1048 923 1269 991 egressis¹
1292 939 1440 987 prope
1463 933 1650 986 portam
1674 933 1718 969 et
1743 926 1838 970 val-

438 1005 536 1050 lmu
551 1003 814 1048 inconsulte
827 1017 878 1047 ac
893 1010 1066 1046 temere
1083 1001 1182 1046 sine
1200 1000 1370 1045 ordine
1386 999 1641 1056 effudisset,
1661 1001 1839 1046 irruen-

439 1091 504 1127 tes
524 1081 571 1125 in
595 1095 675 1125 eos
697 1077 957 1140 Anglorum
980 1077 1166 1122 ducenti
1195 1076 1266 1122 vel
1291 1077 1488 1122 trecenti
1511 1077 1712 1139 equiteS‚
1741 1094 1838 1124 ma—

437 1174 576 1220 gnam
600 1166 800 1217 stragem
827 1155 886 1200 de
909 1156 1019 1218 ipsis
1042 1154 1268 1199 fecerunt.
1300 1157 1442 1199 Erant
1466 1155 1592 1199 enim
1617 1170 1839 1216 agrorum

436 1234 640 1280 cultores
675 1231 912 1295 pedestres
948 1247 1098 1295 prope
1137 1232 1367 1287 inermes,
1411 1231 1493 1293 qui
1532 1230 1591 1276 de
1622 1231 1721 1277 sola
1756 1249 1838 1278 sua

436 1326 568 1374 paene
591 1310 895 1354 innumerosa
920 1307 1222 1353 multitudine
1251 1307 1490 1354 confidere
1524 1307 1832 1354 videbantur:

436 1386 562 1432 unde
586 1385 717 1431 facile
741 1384 827 1429 fuit
849 1384 1082 1447 equitibus
1106 1385 1293 1430 armatis
1328 1401 1409 1430 eos
1432 1385 1697 1448 opprimere
1720 1395 1764 1430 et
1788 1385 1835 1430 in

433 1463 590 1525 fugam
613 1464 830 1507 vertere2.

499 1540 703 1585 Audiens
734 1548 890 1584 autem
927 1539 1182 1584 multitudo
1202 1576 1213 1597 7
1240 1555 1344 1601 quae
1376 1555 1430 1584 ex
1465 1538 1687 1584 omnibus
1719 1539 1838 1601 agris

434 1617 594 1680 patriae
617 1616 813 1662 collecta
835 1626 880 1660 et
901 1633 1034 1679 paene
1055 1615 1411 1661 innumerabilis
1439 1615 1690 1672 ferebatur,
1717 1631 1837 1676 quo-

435 1694 580 1739 modo
623 1695 703 1756 qui
748 1703 1080 1757 praecesserant
1120 1693 1178 1738 de
1214 1694 1308 1738 suis
1343 1693 1668 1751 caedebantur,
1710 1702 1837 1753 terga

434 1780 688 1816 verterunt.
714 1773 846 1826 Quos
865 1771 1101 1834 prosecuti
1124 1780 1234 1814 sunt
1251 1769 1385 1830 Angli
1403 1769 1626 1814 caedendo
1652 1778 1697 1813 et
1716 1769 1838 1831 peri-

435 1847 610 1893 mendo
631 1848 808 1910 absque
831 1847 919 1892 ulla
942 1846 1257 1891 miseratione.
1280 1848 1525 1891 Duxerunt
1547 1846 1684 1891 etiam
1706 1846 1836 1890 vivos

433 1924 699 1987 complures
731 1924 791 1969 ad.
828 1924 1058 1987 oppidum
1077 1958 1087 1977 ‚
1118 1938 1238 1985 quos
1266 1923 1338 1968 vel
1370 1939 1453 1986 per
1477 1924 1652 1986 plateas
1676 1938 1836 1968 coram

432 2001 612 2046 civibus
630 2002 720 2046 loci
738 2000 1014 2062 jugulabant
1038 2009 1082 2045 et
1106 1999 1457 2063 discerpebant,
1480 2000 1551 2044 vel
1575 1998 1634 2043 ad
1658 1998 1836 2044 flumen

433 2079 660 2140 Sequanae
674 2076 765 2122 illic
781 2078 1021 2140 profluens
1040 2077 1280 2134 ducentes,
1298 2077 1344 2120 in
1368 2076 1500 2137 aquis
1520 2075 1832 2121 suffocabant.

497 2153 779 2215 Hujusmodi
803 2163 960 2199 autem
983 2153 1114 2198 clade
1139 2162 1328 2215 accepta
1345 2189 1355 2208 ,
1379 2167 1487 2197 cum
1516 2151 1614 2212 jam
1637 2151 1724 2196 alia
1749 2168 1835 2214 op-

433 2228 544 2292 pida
563 2229 637 2274 vel
662 2229 848 2276 castella
876 2230 922 2274 in
949 2229 1121 2291 quibus
1152 2228 1410 2289 Anglorum
1440 2227 1653 2290 praesidia
1684 2227 1836 2274 locata

435 2323 534 2352 esse
571 2306 781 2352 sciebant
796 2344 808 2365 ,
851 2306 1041 2368 aggredi
1089 2306 1285 2351 minime
1329 2304 1558 2351 auderent
1578 2341 1589 2361 ‚
1639 2305 1836 2368 sparsim

438 2384 756 2446 unusquisque
789 2383 849 2428 ad
885 2382 1068 2428 diversa
1097 2382 1289 2428 latibula
1314 2382 1386 2427 vel
1422 2398 1527 2427 suas
1560 2381 1730 2427 domos
1753 2382 1837 2428 ab-

437 2470 623 2516 euntes,
669 2460 878 2523 dissipati
915 2468 1024 2504 sunt
1039 2493 1050 2514 ,
1098 2475 1184 2504 nec
1231 2458 1353 2504 ultra
1392 2459 1439 2503 in
1485 2474 1632 2504 unum
1670 2474 1836 2520 agmen

438 2537 602 2580 coacti.
624 2536 897 2582 Miserabilis
916 2546 1071 2582 autern
1094 2552 1148 2580 ac
1166 2534 1476 2582 lamentabilis
1501 2536 1656 2582 statim
1683 2552 1708 2582 e
1740 2551 1836 2580 ves-

496 2662 529 2697 1.
562 2662 729 2708 Agranis
748 2661 841 2698 dans
861 2662 895 2697 le
918 2660 1137 2698 manuscrit.

493 2718 530 2754 2.
568 2734 582 2747 α
605 2719 698 2753 Tant
717 2718 826 2754 firent
845 2719 1030 2756 Cauchois
1050 2721 1165 2768 qu'en
1191 2719 1249 2756 six
1270 2718 1454 2756 semaines
1474 2725 1608 2755 eurent
1626 2717 1729 2768 prins
1749 2725 1835 2753 tou-

440 2785 493 2813 tes
514 2776 566 2813 les
589 2776 805 2812 forteresses
817 2776 864 2813 de
885 2780 1003 2823 Caux,
1027 2778 1178 2814 reserve
1195 2777 1405 2815 Caudebec.
1428 2781 1474 2815 Et
1495 2790 1640 2815 comme
1660 2776 1834 2825 Francois
