2037 3442
415 272 489 305 288
800 267 1137 304 HISTORIARUM
1165 267 1342 303 CAROLI
1371 269 1438 302 VII

415 350 620 413 phorum
639 382 650 405 ,
672 348 905 392 honorem
926 347 1067 391 etiam
1089 346 1137 390 in
1159 361 1215 390 eo
1236 362 1335 391 esse
1350 383 1361 404 ,
1384 346 1464 407 qui
1485 362 1595 391 eum
1618 350 1811 394 merenti

416 423 672 469 exhiberet.
702 424 820 478 Nec,
849 436 957 465 cum
989 419 1126 465 simul
1155 436 1456 481 quocumque
1491 420 1814 482 adequitarent

416 516 495 545 seu
535 497 860 551 ambularent,
898 497 986 541 nisi
1021 497 1080 542 ad
1116 496 1359 541 dexterum
1396 496 1516 541 latus
1552 513 1660 541 eum
1695 506 1815 543 stare

417 575 648 638 permisit,
674 574 737 618 ita
769 574 908 618 etiam
936 582 1012 632 ut,
1041 573 1183 635 ipsius
1206 572 1469 635 posteriora
1495 572 1746 618 adservans
1773 583 1818 618 et

416 650 609 712 vestigia
633 666 860 712 sequens,
891 665 1136 711 nunquam
1160 658 1301 712 caput
1327 649 1448 710 ejuS,
1481 649 1556 694 cui
1586 649 1820 696 insidebat

418 726 552 788 equi,
592 725 883 789 permitteret
915 724 1117 770 caudam
1158 723 1303 781 illius,
1346 725 1421 768 cui
1455 724 1677 770 insideret
1712 726 1820 770 Der

417 803 613 866 phinus,
646 801 951 865 pertransire.

483 880 573 925 Sed
593 889 638 924 et
663 895 769 923 cum
794 878 919 923 idem
948 877 1235 941 Delphinus,
1263 878 1418 923 statim
1449 887 1500 922 ut
1531 877 1817 938 abcesserat,

419 967 549 1020 patre
568 965 829 1019 occupante
852 955 995 1000 totius
1020 955 1090 1000 sui
1117 954 1418 1018 delphinatus
1443 955 1788 1017 possessionem
1805 992 1816 1014 ,

420 1044 465 1079 et
504 1032 730 1078 fructibus
764 1031 1166 1095 pensionibusque
1196 1032 1454 1091 universiS,
1489 1048 1606 1094 quas
1637 1049 1662 1077 a
1692 1043 1821 1095 patre

419 1127 504 1174 per
546 1120 683 1156 antea
721 1109 963 1172 percipere
1008 1119 1342 1167 consueverat,
1384 1109 1542 1154 fuisset
1588 1109 1818 1169 nudatus,

420 1188 633 1251 nihilque
675 1188 872 1233 omnino
910 1188 1090 1250 proprii
1123 1188 1240 1249 juris
1276 1188 1510 1250 reliquum
1546 1186 1634 1232 sibi
1669 1197 1818 1243 esset,

421 1264 562 1309 talem
588 1263 953 1309 subventionem
989 1263 1049 1308 ab
1081 1263 1252 1309 eodem
1288 1263 1679 1325 Burgundionum
1703 1262 1823 1308 duce

421 1349 612 1402 tamque
645 1339 974 1384 honorabilem
1009 1355 1062 1384 ac
1107 1338 1404 1400 magnificam
1443 1348 1679 1384 assecutus
1726 1347 1820 1397 est,

422 1435 524 1480 quae
541 1418 752 1481 profecto
771 1417 830 1463 ad
848 1427 1061 1481 sumptus
1085 1417 1240 1478 magni
1258 1416 1502 1477 cujusdam
1523 1417 1640 1477 regis
1658 1415 1825 1459 merito

422 1494 634 1540 sufficere
660 1494 904 1557 potuisset.
930 1496 1167 1539 Menstrua
1193 1494 1319 1538 enim
1345 1493 1430 1538 tria
1451 1492 1592 1538 millia
1615 1492 1825 1554 equitum

423 1572 493 1618 vel
525 1572 746 1617 leonum¹
772 1570 1058 1634 percipiebat
1084 1607 1094 1627 ,
1136 1587 1238 1633 quae
1273 1572 1321 1615 in
1357 1587 1483 1616 anno
1522 1571 1709 1631 triginta
1749 1586 1824 1614 sex

427 1648 550 1694 mille
574 1664 808 1693 summam
833 1646 1165 1692 conficiebant.
1204 1647 1340 1692 Unde
1378 1647 1505 1692 idem
1538 1646 1821 1708 Delphinus,

426 1741 534 1770 cum
569 1734 697 1769 tanta
719 1739 766 1768 se
796 1722 1124 1768 benevolentia
1148 1733 1394 1785 exceptum
1428 1731 1826 1785 procuratumque

426 1801 744 1864 conspiceret,
777 1815 910 1844 suam
934 1799 1074 1844 etiam
1099 1799 1349 1860 conjugem
1371 1798 1450 1843 illo
1476 1798 1535 1843 ad
1561 1815 1608 1843 se
1632 1798 1827 1844 adscivit

426 1889 469 1924 et
495 1878 705 1933 attraxit3
732 1893 785 1921 ex
807 1892 898 1938 qua
921 1875 1037 1921 inibi
1060 1876 1312 1921 nonnullas
1329 1877 1485 1939 proles
1508 1876 1726 1938 suscepit.

491 1955 685 2001 Carolus
708 1971 818 2000 vero
845 1971 947 2009 rex,
988 1954 1069 2015 qui
1096 1954 1172 1998 vix
1200 1970 1444 2015 nunquam
1473 1970 1592 1998 verae
1618 1952 1828 1997 amicitiae

427 2032 619 2094 alicujus
642 2030 701 2076 ad
725 2030 966 2093 praefatum
991 2029 1383 2091 Burgundionum
1407 2030 1578 2075 (lucem
1602 2029 1827 2074 indicium

428 2107 659 2164 ostendit,
686 2106 768 2151 sed
789 2123 896 2151 eum
920 2105 1007 2151 sibi
1034 2106 1236 2151 invisum
1273 2116 1634 2169 suspectumque
1673 2106 1829 2167 potius

427 2202 612 2248 semper
634 2184 867 2239 exsistere,
892 2183 1032 2228 talem
1056 2182 1152 2227 filio
1178 2199 1281 2239 suo,
1306 2200 1331 2228 a
1355 2200 1401 2228 se
1422 2183 1639 2246 profugo,
1662 2182 1828 2227 inobe-

428 2263 573 2308 dienti
600 2272 645 2307 et
669 2261 963 2317 contumaci,
994 2260 1373 2305 benevolentiam
1395 2276 1447 2305 ac
1472 2258 1829 2305 beneficentiam

429 2339 656 2384 exhibitas
685 2338 922 2399 aegerrime
950 2336 1067 2381 tulit.
1105 2339 1221 2381 Nam
1259 2353 1369 2380 cum
1399 2336 1610 2397 ejusdem
1644 2335 1723 2380 filii
1761 2335 1829 2380 sui

429 2432 600 2460 saevum
625 2430 734 2476 erga
757 2430 804 2459 se
838 2423 880 2458 et
908 2412 1249 2458 intractabilem
1279 2413 1489 2456 animum
1526 2421 1825 2473 agnosceret,

429 2508 573 2553 quem
609 2490 669 2536 ad
697 2506 843 2535 novas
881 2505 952 2535 res
987 2487 1250 2534 moliendas
1297 2487 1555 2551 proclivem
1590 2504 1688 2532 csse
1721 2486 1828 2532 satis

486 2689 522 2722 1.
560 2704 573 2717 u
597 2687 703 2723 Trois
735 2686 838 2723 mille
868 2685 1016 2723 ridders
1045 2684 1266 2732 (cavaliers)
1284 2713 1293 2730 ,
1325 2697 1374 2720 ou
1402 2683 1500 2720 lions
1530 2682 1575 2720 (le
1601 2681 1782 2727 Flandre,
1810 2697 1825 2712 υ

435 2745 629 2782 monnaies
650 2745 731 2780 (l'or
761 2745 806 2782 tle
826 2758 868 2781 ce
890 2744 1083 2794 temps—lit.
