2037 3442
712 337 852 372 LIBER
881 337 1108 382 QUARTUS
1116 364 1123 371 .
1550 338 1595 373 Π
1603 339 1624 374 9

225 417 501 464 admoneret
528 428 579 464 ut
613 419 936 481 unusquisque
973 420 1021 464 iu
1056 434 1112 464 ea
1150 428 1359 465 maneret
1383 420 1627 465 vacatione

225 510 318 556 qua
339 505 531 541 vocatus
551 503 636 554 est,
661 503 705 541 et
727 495 941 541 dixisset:
967 516 988 540 «
1011 498 1181 543 Servus
1201 505 1395 543 vocatus
1427 514 1493 556 es,
1530 514 1627 543 non

225 571 282 616 sit
306 571 388 616 tibi
411 588 548 629 curae,
577 593 598 614 ³>
628 573 782 617 statim
800 572 1012 634 subjicit:
1039 586 1061 615 <t
1088 573 1187 630 sed,
1215 573 1251 617 si
1274 578 1426 636 potes,
1449 575 1626 637 inquit,

227 645 325 692 fieri
349 648 483 707 liber,
512 650 656 711 magis
681 657 828 694 utere.
856 668 877 691 »

291 723 444 770 Liberi
468 726 622 787 igitur,
644 724 842 770 libenter
865 733 911 770 et.
946 723 1230 785 gratulanter
1252 725 1461 771 utilitatis
1490 743 1631 774 causa

221 801 344 862 juste
367 811 412 847 et
441 803 646 865 legitime
669 802 920 865 imperanti
942 813 1213 864 pareamus,
1242 799 1419 846 subditi
1444 809 1488 847 et
1519 803 1632 849 sub-

223 878 332 939 jecti
366 879 525 924 simus.
561 882 654 924 Nec
672 880 794 940 juste
814 895 924 923 vero
951 894 1105 940 neque
1129 877 1351 939 legitime,
1372 891 1526 940 neque
1550 882 1634 925 uti-

228 954 365 1000 litatis
387 956 654 1000 communis
675 971 837 1014 causa,
865 955 947 1000 sed
971 954 1027 1000 ad
1056 954 1349 1000 eversionem
1378 956 1519 1000 totius
1542 956 1632 1002 rei-

228 1030 425 1093 publicae
451 1031 514 1076 ob
539 1047 645 1076 suas
663 1031 903 1076 dumtaxat
920 1031 1144 1093 privatas,
1165 1031 1350 1092 iniquas
1373 1040 1417 1075 et
1441 1031 1635 1093 injustas

229 1107 498 1152 affectiones
515 1108 781 1170 imperanti,
802 1116 846 1151 et
863 1123 1028 1151 omnes
1045 1107 1090 1150 in
1118 1107 1337 1151 miseram
1361 1108 1633 1154 servitutem

229 1184 438 1245 redigere
464 1183 663 1240 volenti,
695 1183 843 1228 multo
864 1182 1033 1244 justius
1065 1198 1162 1227 non
1198 1198 1442 1244 paremus,
1479 1185 1515 1228 si
1548 1201 1635 1247 po-

230 1269 367 1305 testas
409 1260 527 1305 adsit
573 1259 862 1316 reluctandi,
903 1275 1046 1321 quam
1082 1259 1120 1304 si
1151 1276 1235 1322 per
1259 1260 1536 1323 patientiam
1567 1262 1637 1306 in-

230 1337 373 1382 vitam
402 1354 507 1383 suas
539 1338 852 1399 iniquissimas
882 1346 928 1381 et
955 1336 1390 1382 deordinatissimas
1420 1336 1638 1385 libidines

230 1424 274 1460 et
298 1414 577 1478 cupiditates
600 1453 610 1474 ,
637 1415 764 1460 velut
789 1413 1124 1477 approbando,
1153 1414 1437 1459 foveremus.

292 1494 399 1536 Haec
421 1501 595 1549 autem,
620 1491 830 1554 quodam
856 1490 1002 1536 modo
1029 1498 1158 1536 extra
1181 1499 1405 1554 susceptae
1425 1490 1637 1537 officium

230 1567 457 1626 historiae,
484 1584 509 1614 a
533 1569 671 1614 nobis
692 1568 786 1613 hoc
810 1568 917 1613 loco
942 1568 1115 1612 inserta
1140 1577 1278 1627 sunt,
1307 1584 1417 1613 cum
1445 1568 1639 1614 ordina-

230 1645 408 1690 tionem
432 1646 478 1690 in
504 1646 667 1691 militia
691 1645 932 1690 Gallicana
955 1644 1174 1708 positam,
1202 1644 1317 1689 dum
1341 1645 1535 1690 Carolus
1559 1662 1637 1690 rex

232 1721 541 1783 Lotharingiae
564 1721 680 1766 fines
698 1721 932 1780 adivisset,
957 1720 1315 1783 descripsimus,
1346 1729 1398 1766 ut
1423 1721 1639 1767 ostende-

233 1815 406 1857 remus,
432 1814 530 1843 non
558 1797 704 1843 modo
722 1798 916 1855 utiliter,
945 1797 1026 1842 sed
1049 1799 1406 1860 praenecessarie
1436 1807 1551 1843 tunc
1576 1800 1639 1844 ita

234 1875 370 1921 fuisse
400 1875 575 1920 factum
593 1910 603 1929 ‚
632 1885 677 1920 et
701 1891 803 1921 eam
829 1875 1043 1920 militiam
1073 1874 1290 1920 debuisse
1316 1875 1376 1920 ad
1403 1876 1638 1939 stipendia

233 1954 421 1998 retineri
465 1953 624 2015 quoad
670 1953 828 1999 hostes
877 1953 1007 2016 regni
1052 1969 1107 1998 ex
1156 1954 1446 1999 Normannia
1499 1963 1639 2016 atque

237 2030 479 2091 Aquitania
504 2031 690 2093 penitus
709 2031 899 2077 fuerunt
917 2031 1049 2094 ejecti
1066 2049 1077 2089 3
1106 2047 1208 2076 eam
1227 2047 1341 2077 vero
1365 2032 1518 2078 facere
1536 2050 1640 2096 per-

234 2115 423 2168 petuam
442 2141 453 2163 ,
481 2105 735 2152 desistente
759 2117 804 2153 et
828 2107 959 2153 nulla
984 2114 1178 2169 cogente
1204 2108 1504 2166 necessitate,
1532 2118 1636 2154 tan-

232 2191 330 2227 tam
348 2219 359 2241 ,
388 2192 563 2243 quanta
585 2192 631 2228 et
653 2184 913 2229 necessaria
951 2194 996 2229 et
1025 2183 1259 2230 sufficiens
1284 2185 1369 2230 fuit
1405 2184 1465 2231 ad
1494 2202 1638 2231 recu—

232 2258 490 2321 perandam
507 2259 564 2305 ab
579 2259 795 2306 hostibus
814 2261 1149 2307 Normanniain
1163 2268 1303 2324 atque
1320 2262 1636 2325 Aquitaniam,

234 2344 279 2379 et
303 2336 504 2382 retinere
538 2337 597 2382 ad
630 2346 727 2383 tam
752 2354 921 2400 magna
945 2338 1176 2402 stipendia
1213 2339 1258 2383 in
1291 2355 1406 2402 pace
1438 2349 1483 2384 et
1516 2340 1635 2396 otio,

233 2422 460 2474 quantam
492 2414 540 2458 in
576 2413 755 2459 bellicis
790 2414 1167 2478 expeditionibus
1208 2415 1418 2461 habituri
1458 2416 1637 2474 forent,

234 2489 351 2534 nihil
372 2490 499 2535 aliud
525 2506 623 2536 esse
647 2507 789 2553 quam
806 2508 1005 2553 regnum
1028 2501 1266 2555 perpetuae
1295 2492 1524 2554 subjicere
1548 2510 1641 2539 ser-

233 2567 366 2611 vituti
396 2576 490 2612 tam
528 2567 815 2613 tributorum
850 2586 992 2632 quam
1022 2569 1441 2614 innumerabilium
1485 2571 1643 2616 malo-

233 2659 338 2688 rum
365 2654 504 2705 atque
536 2646 951 2691 incommodorum
974 2683 984 2701 ,
1008 2662 1214 2709 quorum
1237 2662 1292 2691 ex
1312 2647 1469 2692 multis
1492 2664 1644 2710 pauca

234 2719 475 2767 dumtaxat
500 2739 642 2786 supra
664 2723 924 2768 retulimus.
954 2726 1047 2769 Nec
1076 2724 1202 2769 enim
1226 2723 1318 2769 ulla
1337 2724 1541 2786 justitia,
1572 2727 1644 2771 ul-

233 2796 335 2842 lave
358 2814 450 2860 pax
471 2809 582 2845 vera
604 2809 649 2845 et
673 2799 840 2858 solida,
863 2799 957 2846 ulla
971 2799 1164 2846 libertas
1187 2801 1274 2846 erit
1296 2801 1343 2846 in
1367 2818 1540 2863 regno3
1563 2803 1643 2848 sed
