2037 3442
690 381 833 417 LIBER
860 381 1056 418 PRIMUS.
1527 383 1574 418 27

172 482 227 512 ac
249 476 376 513 metu
396 467 587 523 retenti,
616 464 781 528 procul
805 463 976 522 dubio,
1005 465 1161 510 multae
1185 481 1239 511 ex
1256 465 1329 510 his
1348 464 1577 511 habitato-

172 542 300 588 ribus
322 558 481 589 vacuae
506 541 674 588 relictae
698 541 915 599 fuissent,
942 541 1349 603 quemadmodum
1379 542 1426 587 in
1457 558 1577 587 non-

171 620 310 666 nullis
346 629 530 665 constat
563 618 827 681 contigisse.
872 617 1076 680 Populus
1112 618 1239 663 enim
1270 627 1402 662 terrae
1436 618 1576 679 longa

171 706 284 743 tunc
299 713 415 761 pace
433 696 570 742 simul
589 713 698 742 cum
713 696 931 741 servitute
949 694 1147 740 imbellis
1165 703 1211 740 et
1223 695 1419 757 simplex
1436 695 1577 740 nimis

172 783 270 819 erat
284 811 295 832 ,
315 772 651 819 aestimantibus
675 771 887 836 pluribus
911 789 1009 818 non
1031 771 1202 834 Anglos
1223 780 1411 833 gentem
1435 780 1576 833 atque

172 850 387 896 homines
410 867 537 909 esse,
561 849 643 895 sed
668 851 894 895 immanes
918 848 1149 912 quasdam
1172 857 1313 910 atque
1337 847 1576 893 ferocissi—

172 941 272 971 mas
297 926 505 984 belluas,
535 942 638 988 quae
661 925 722 971 ad
744 924 1071 972 devorandum
1110 924 1345 987 populum
1376 939 1476 969 sese
1509 924 1575 970 ef-

174 1002 440 1049 funderent.

235 1079 400 1124 Statim
416 1088 572 1125 autem
591 1088 642 1124 ut
664 1079 751 1142 ipsi
773 1078 904 1139 Angli
927 1077 1085 1123 littora
1107 1085 1383 1134 tenuerunt,
1403 1079 1577 1121 custos¹

172 1155 288 1200 arcis
303 1156 474 1211 Tolcae‚
494 1157 541 1201 in
562 1155 693 1201 collis
713 1155 885 1201 vertice
908 1154 1023 1209 sitae,
1046 1153 1206 1199 relicta
1228 1169 1357 1211 arce,
1377 1152 1577 1214 Anglicis

171 1230 306 1275 cessit
315 1248 327 1288 3
355 1239 400 1276 et
423 1231 703 1276 Lexovium²
724 1245 870 1292 usque
896 1246 952 1275 ex
977 1229 1088 1292 ipsis
1113 1228 1314 1291 Anglicis
1336 1228 1480 1291 aliqui
1502 1244 1577 1273 ve-

171 1307 354 1352 nientes
367 1307 490 1370 (quae
509 1308 670 1354 civitas
689 1324 743 1353 ex
762 1307 837 1352 illa
853 1306 972 1352 valle
990 1322 1069 1352 sex
1087 1305 1260 1368 gallicis
1278 1305 1554 1351 milliaribus
1567 1307 1579 1329 ³

170 1384 310 1430 distat
340 1401 367 1431 a
395 1386 567 1447 mari),
594 1385 731 1431 nullis
753 1384 846 1430 illic
867 1384 1214 1430 habitatoribus
1237 1383 1462 1441 inventis,
1490 1383 1578 1428 nisi

170 1461 380 1524 quodam
393 1479 502 1508 sene
515 1463 709 1509 homine
726 1471 770 1507 et
780 1461 985 1524 quadam
1000 1461 1291 1519 muliercula,
1306 1460 1455 1524 ipsam
1467 1460 1577 1505 civi-

171 1549 314 1585 tatem
338 1556 574 1603 recepere.
599 1538 968 1585 Procedentibus
989 1554 1101 1584 vero
1121 1554 1206 1601 per
1227 1547 1371 1583 terras
1392 1536 1579 1582 inferio-

172 1617 232 1662 ris
252 1617 575 1672 Normanniae,
594 1633 705 1662 cum
727 1616 1080 1670 Cadomenses‘*5
1100 1615 1342 1678 aliquanto
1365 1623 1577 1677 tempore

171 1692 363 1753 obsessi,
382 1694 674 1749 restitissent,
695 1710 901 1755 quorum
920 1702 1018 1739 erat
1036 1702 1149 1738 tunc
1167 1691 1577 1755 opulentissimum

171 1770 401 1833 oppidum
442 1779 488 1816 et
530 1771 818 1834 populosum
833 1807 844 1829 ,
894 1769 1024 1816 facile
1063 1769 1315 1834 expugnati
1361 1777 1407 1814 et
1453 1770 1577 1832 capti

170 1857 303 1905 sunt,
329 1848 513 1912 direpto
543 1848 747 1912 oppido,
780 1858 826 1894 et
858 1848 1015 1893 multis
1046 1863 1100 1893 ex
1132 1846 1311 1892 civibus
1334 1845 1578 1893 trucidatis

171 1924 359 1987 suisque
393 1925 689 1988 patrimoniis
729 1925 871 1970 etiam
903 1923 1128 1988 spoliatis.
1160 1926 1270 1969 Post
1302 1922 1576 1985 hujusmodi

171 2017 284 2047 vero
316 2001 499 2048 cladem
528 2001 629 2047 aliis
664 2001 866 2065 amplius
889 2000 1143 2058 deterritis,
1168 1999 1371 2064 plurima
1400 1999 1575 2063 oppida

174 2075 254 2139 [et]
279 2077 384 2124 loca
405 2078 637 2124 inferioris
657 2078 981 2136 Normanniae,
1006 2077 1136 2123 nullo
1161 2093 1294 2142 paene
1317 2077 1507 2139 negotio
1527 2077 1575 2122 in

172 2154 461 2201 deditionem
482 2166 779 2219 receperunt.

238 2229 439 2290 Anglicis
462 2246 575 2275 vero
595 2229 655 2275 ad
678 2229 938 2276 obtinenda
959 2245 1062 2292 quae
1081 2229 1276 2290 vellent,
1297 2227 1443 2274 facilis
1464 2237 1577 2273 tunc

173 2305 362 2369 patebat
391 2307 483 2353 via.
521 2310 639 2353 Nam
667 2324 776 2353 cum
808 2307 929 2354 inter
955 2324 1029 2366 se,
1065 2307 1147 2370 qui
1181 2305 1460 2352 dicebantur
1493 2307 1576 2350 Ar-

172 2384 372 2430 meniaci
401 2393 448 2430 et
480 2384 861 2446 Burgundiones,
889 2384 1199 2432 acerbissimis
1222 2383 1343 2429 odiis
1367 2383 1573 2440 accensi,

170 2477 254 2523 per
289 2478 454 2508 omnes
485 2462 580 2508 fere
625 2463 756 2526 regni
799 2473 954 2527 partes
987 2464 1158 2527 jugiter
1194 2462 1493 2520 dimicarent,
1531 2470 1576 2507 et

171 2539 302 2602 regni
332 2539 581 2586 vastationi
615 2550 754 2604 atque
780 2541 1075 2606 populationi
1103 2540 1469 2605 propensissime
1504 2540 1576 2584 in-

224 2678 260 2712 1.
293 2677 343 2713 Ce
361 2675 547 2726 capitaine
565 2677 654 2716 etait
671 2681 766 2716 Jean
777 2678 1013 2732 d'Angenne.
1027 2679 1262 2731 Monstrelet‚
1283 2679 1308 2718 l.
1325 2682 1357 2726 Ι,
1375 2692 1410 2717 c.
1431 2691 1570 2716 cmxxx.

225 2737 262 2772 2.
285 2734 453 2774 Lisieux.

226 2797 260 2832 3.
293 2799 469 2833 Milliare
492 2805 548 2834 est
566 2796 615 2834 ici
629 2797 875 2848 l'equivalent
893 2799 941 2838 de
962 2804 1080 2838 leuca.

223 2857 260 2892 4.
291 2858 362 2893 Les
381 2855 570 2894 habitants
589 2855 638 2894 de
659 2859 774 2897 Caen.
