2037 3442
670 270 814 306 LIBER
842 265 1103 303 SECUNDUS.
1538 256 1584 290 77

196 355 403 419 receptui
438 353 730 408 cecinerunt,
769 360 812 396 et
838 366 935 394 nou
971 347 1145 409 absque
1169 344 1343 389 damno
1370 350 1414 386 ct
1444 338 1588 385 dede-

197 449 305 478 core
328 441 453 476 retro
478 428 694 475 abierunt
711 430 737 472 ¹.

263 513 376 565 Quae
392 523 499 553 cum
516 507 595 563 ita,
615 516 785 550 temere
803 503 911 548 satis
932 503 1180 557 intentata,
1209 498 1255 541 in
1280 495 1407 540 irrita
1431 492 1591 538 cessis-

199 594 318 639 sent,
344 594 389 629 et
409 584 455 628 in
474 580 913 643 Sancto-l)ionysi0‚
939 594 1069 642 paene
1093 577 1455 635 circumquaque
1473 574 1594 614 inter

199 658 356 703 hostes
375 657 609 711 conclusi,
635 656 713 717 qui
735 654 941 700 civitates
966 661 1011 697 et
1033 647 1219 695 castella
1242 646 1393 690 vicina
1414 644 1596 689 detine-

200 733 332 791 bant,
360 732 628 778 victualium
661 741 1022 790 coetcrarumque
1052 741 1207 771 rerum
1231 721 1595 766 necessariarum

202 810 358 872 inopia
382 810 544 854 Franci
572 816 909 870 premerentur,
936 806 1057 850 circa
1090 801 1428 852 Silvanectum,
1456 811 1597 858 quam

203 887 435 931 civitatem
470 884 642 945 Anglici
679 882 993 945 occupabant,
1022 877 1214 924 abcessit
1252 891 1330 919 rex
1369 890 1477 918 cum
1513 888 1598 917 suo

204 963 424 1008 exercitu.
445 962 512 1007 Ad
537 977 676 1023 quam
696 957 1041 1005 defendendam
1062 954 1297 999 civitatem
1313 950 1485 1006 statim,
1506 951 1601 992 An-

206 1040 390 1102 glorum
414 1038 661 1083 contractis
684 1036 890 1097 undique
915 1033 1079 1096 copiis⁷
1107 1029 1311 1075 occurrit
1334 1027 1429 1072 dux
1461 1024 1602 1070 tieth-

207 1115 395 1173 fordiae‚
435 1123 677 1175 castraque
717 1120 913 1157 metatus
949 1118 1045 1165 est,
1083 1122 1185 1169 quae
1221 1121 1275 1150 ex
1317 1101 1602 1165 quibusdam

208 1192 378 1252 stagnis
413 1189 754 1252 paludibusque
786 1184 1105 1249 adjacentibus
1137 1181 1391 1227 munitiora
1427 1188 1471 1224 et
1505 1194 1602 1222 non

208 1268 296 1312 nisi
314 1282 422 1311 cum
441 1264 711 1311 difficultate
736 1274 777 1309 et
802 1262 1010 1327 periculo
1042 1258 1324 1307 accessibilia
1345 1254 1605 1302 reddeban-

210 1353 300 1389 tur.
330 1345 381 1387 ln
407 1341 577 1404 quibus
608 1359 714 1387 cum
750 1341 927 1403 aliquot
950 1336 1279 1402 permansisset
1303 1332 1483 1391 diebus7
1507 1340 1551 1375 et
1580 1346 1607 1375 a

214 1423 496 1464 Francorum
515 1419 715 1464 exercitu
732 1427 848 1463 esset
867 1417 998 1479 quasi
1015 1414 1246 1469 obsessus,
1262 1427 1348 1456 nec
1364 1407 1608 1473 pugnandi

211 1497 395 1560 copiam
421 1496 570 1542 facere
594 1505 746 1541 tutum
764 1494 992 1540 ullatenus
1011 1491 1309 1544 existimaret,
1337 1497 1482 1533 noctu
1500 1503 1607 1531 cum

212 1573 305 1618 suis
330 1572 528 1634 Anglicis
551 1572 748 1618 Parisios
774 1587 933 1617 versus
956 1568 1237 1632 repedavit².

668 1766 1003 1810 CAPITULUM
1037 1764 1154 1807 XIV.

214 1872 404 1917 Quomodo
421 1874 537 1920 plures
555 1874 704 1908 civitates
720 1875 913 1908 Galliarum
928 1874 970 1907 ab
988 1873 1138 1919 Anglicis
1155 1871 1200 1905 ad
1215 1872 1380 1905 carolum
1396 1871 1612 1904 Francorum

388 1946 502 1980 regem
521 1934 739 1976 defecerunt,
757 1943 789 1967 ct
802 1933 981 1979 quomodo
999 1934 1188 1967 Carnotum
1209 1932 1274 1965 fuit
1287 1940 1441 1977 captum;

286 2051 393 2103 Quo
414 2047 631 2107 abeunte⁷
653 2049 812 2093 civitas
829 2048 1141 2093 Silvanectum
1160 2045 1452 2092 deditionem
1475 2044 1581 2090 fecit
1601 2063 1612 2101 ;

221 2125 351 2188 quod
375 2135 420 2170 et
449 2125 718 2188 simpliciter
741 2124 1109 2188 Compendium,
1138 2123 1407 2182 Belvacum,
1435 2122 1618 2168 Laudu-

222 2219 356 2260 num,
388 2203 590 2258 Suessio‚
622 2202 820 2247 Senonis
858 2200 941 2264 [et]
974 2201 1113 2265 paulo
1146 2210 1250 2264 post
1274 2200 1497 2264 pleraque
1532 2199 1618 2243 alia

223 2278 397 2341 oppida
441 2287 486 2322 et
518 2277 704 2323 castella
737 2277 943 2322 fecerunt
960 2312 972 2333 ‚
999 2277 1046 2322 in
1070 2276 1240 2340 quibus
1264 2276 1391 2322 nulla
1417 2274 1619 2320 militum

223 2353 438 2418 praesidia
457 2389 466 2411 ‚
494 2353 566 2399 vel
584 2354 757 2400 civium
777 2370 829 2399 ac
851 2353 1113 2400 incolarum
1141 2369 1342 2399 numero
1368 2369 1420 2398 ac
1442 2351 1621 2397 viribus

224 2432 420 2495 imparia
445 2441 584 2494 atque
607 2431 849 2490 inferiora,
877 2431 1164 2477 exstiterunt.

277 2557 317 2591 ’1.
347 2557 399 2591 Le
420 2556 441 2590 8
458 2553 669 2604 septembre
690 2555 805 2590 1429.

278 2616 315 2650 2.
348 2616 379 2650 Il
393 2628 417 2663 y
431 2627 451 2650 a
470 2613 720 2651 interversion
742 2612 806 2649 des
820 2613 902 2650 faits
922 2613 1014 2650 dans
1028 2621 1109 2649 tout
1122 2626 1163 2649 ce
1177 2611 1414 2663 paragraphe
1429 2619 1465 2648 et
1481 2610 1573 2648 dans
1590 2614 1624 2648 le

227 2672 389 2710 suivant.
412 2676 465 2709 La
484 2679 682 2709 rencontre
701 2671 753 2708 du
773 2671 844 2709 duc
857 2672 904 2709 de
923 2671 1105 2708 Bethford
1124 2679 1160 2708 et
1174 2672 1226 2708 les
1245 2672 1450 2720 conquetes
1466 2684 1514 2707 au
1527 2670 1625 2708 nord

229 2731 274 2769 de
294 2732 398 2769 Paris
416 2740 550 2769 curent
570 2732 646 2769 lieu
665 2739 778 2769 avant
797 2731 831 2768 la
856 2731 1033 2769 tentative
1055 2731 1142 2768 faite
1157 2743 1222 2768 sur
1240 2730 1344 2768 Paris
1360 2730 1567 2769 lui-meme.
