2037 3442
771 237 914 272 LIBER
938 236 1152 273 TERTIUS.
1589 237 1663 272 103

751 416 1081 462 CAPJTULUM
1118 419 1174 461 ΙΙ.

290 538 446 580 Qualiter
460 550 624 583 agrorum
642 539 790 572 cultores
806 539 1030 573 Normanniae
1044 539 1127 584 jussi
1146 547 1223 571 sunt
1241 539 1386 581 armari,
1410 548 1443 573 et
1461 540 1641 585 quomodo

573 599 674 644 Angli
691 597 738 632 ‹le
754 599 819 645 ipis
837 611 999 644 magnam
1024 606 1171 643 stragem
1192 599 1361 635 fecerunt.

331 702 386 744 Et
411 717 520 745 cum
553 700 774 746 adversus
803 716 967 746 eorum
992 700 1176 763 rapinas
1198 710 1242 745 ct
1266 700 1509 746 violentias
1534 702 1662 748 nulla

268 775 500 821 sufficiens
529 776 617 822 alia
641 777 846 840 provisio
871 793 950 822 seu
980 776 1240 839 remedium
1264 775 1500 821 videretur
1524 794 1660 840 posse

267 851 450 911 afferri,
483 869 566 915 per
604 853 781 915 aliquot
820 862 927 898 ante
964 868 1111 898 annos
1147 867 1287 914 quarn
1323 851 1446 897 dicta
1484 868 1574 916 pax
1612 855 1657 899 in

268 927 488 972 Atrebato
519 928 672 986 fieret,
698 927 927 989 regalibus
955 927 1115 972 edictis
1142 943 1224 990 per
1255 935 1404 972 totam
1434 929 1661 973 Norman-

267 1003 393 1049 niam
421 1004 651 1050 sancitum
677 1013 745 1049 est
767 1013 811 1049 et
834 1011 1136 1066 praeceptum,
1165 1012 1216 1047 ut
1245 1019 1407 1049 omnes
1441 1019 1661 1066 agrorum

266 1082 468 1128 cultores
497 1097 624 1127 arma
655 1081 741 1126 sibi
772 1088 1100 1143 compararent
1122 1088 1167 1124 et
1189 1079 1450 1139 haberent3
1487 1080 1662 1143 quibus

267 1158 496 1217 instructi,
523 1175 636 1217 sese,
661 1169 755 1204 tarn
774 1168 936 1204 contra
959 1157 1116 1203 hostes
1136 1160 1356 1218 Francos,
1378 1175 1521 1221 quam
1547 1176 1660 1205 con-

266 1245 338 1279 tra
368 1234 655 1280 latrunculos
685 1244 730 1280 et
758 1233 1002 1297 praedones
1033 1232 1227 1295 Anglos,
1256 1236 1337 1297 qui
1363 1235 1566 1281 infinitas
1597 1237 1661 1282 eis

266 1311 455 1372 injurias
484 1322 616 1357 erant
650 1312 816 1358 assueti
851 1312 1083 1374 irrogare,
1118 1321 1307 1374 possent
1344 1314 1482 1359 tutari
1520 1324 1660 1377 atque

265 1389 530 1435 defendere.
562 1394 704 1436 Erant
731 1390 856 1435 enim
880 1407 964 1453 per
993 1388 1196 1451 singulas
1215 1389 1343 1434 villas
1368 1398 1414 1434 et
1432 1391 1560 1436 vicos
1583 1408 1660 1437 or-

265 1466 411 1512 dinati
443 1466 721 1512 decuriones
754 1483 833 1511 seu
861 1467 1042 1523 decani,
1069 1467 1474 1528 quinquagenarii,
1504 1478 1660 1513 centu-

266 1545 440 1601 rioneS,
461 1544 724 1603 millenarii,
743 1554 787 1589 et
808 1545 872 1589 sic
893 1543 1211 1601 ascendendo,
1235 1545 1323 1590 sub
1345 1546 1515 1606 quibus
1539 1565 1654 1608 sese,

265 1621 566 1667 ecclesiarum
598 1621 875 1666 sonantibus
905 1621 1158 1683 campaniS,
1181 1621 1468 1683 colligerent,
1501 1634 1547 1670 et
1571 1626 1657 1673 sub

265 1715 427 1744 eorum
458 1698 631 1743 ducatu
657 1697 845 1744 obviam
879 1697 1110 1755 hostibus,
1143 1697 1224 1742 ubi
1255 1715 1374 1761 opus
1396 1699 1529 1760 foret,
1550 1719 1658 1765 pro-

263 1776 482 1822 cederent
500 1794 510 1833 3
535 1775 602 1820 vel
617 1776 654 1820 si
668 1775 987 1837 cumAnglicis
1009 1791 1080 1820 res
1103 1783 1331 1837 ageretur,
1353 1777 1435 1838 qui
1449 1776 1653 1841 aliquam

262 1853 407 1898 cuivis
428 1853 710 1915 irrogassent
731 1852 970 1914 injuriam,
998 1852 1121 1914 ipsos
1143 1860 1361 1914 potenter
1383 1870 1523 1899 manu
1550 1856 1652 1902 sorti

262 1930 684 1992 apprehenderent,
706 1941 749 1976 et
772 1930 831 1974 ad
846 1930 1123 1991 justiciarios
1148 1930 1298 1991 regios
1322 1947 1410 1993 pro
1434 1932 1655 1994 qualitate

263 2007 601 2052 maleficiorum
624 2007 889 2071 puniendos
917 2006 1217 2052 deducerent.
1253 2007 1344 2052 Sed
1375 2024 1429 2054 ea
1452 2012 1655 2074 populo-

262 2099 369 2128 rum
392 2093 437 2129 et
461 2085 619 2146 patriae
642 2084 845 2143 libertas,
877 2100 970 2145 qua
991 2084 1196 2129 insolens
1231 2083 1307 2130 illa
1336 2094 1381 2129 et
1403 2086 1657 2152 indiscipli-

261 2172 385 2223 nata,
413 2163 587 2226 rapinis
606 2173 745 2226 atque
764 2162 943 2224 injuriis
968 2171 1165 2221 assueta,
1192 2163 1450 2225 Anglorum
1469 2166 1649 2229 militia,

261 2257 287 2286 a
309 2240 520 2286 libertate
556 2240 767 2302 rapiendi
803 2248 847 2285 61
875 2239 1065 2300 injurias
1087 2256 1174 2302 pro
1207 2239 1338 2285 libito
1373 2242 1654 2307 cuicumque

262 2319 505 2375 inferendi,
519 2327 660 2381 prout
674 2317 899 2363 hactenus
917 2327 1273 2376 consueverant,
1292 2318 1651 2382 prohibebatur,

262 2396 371 2459 ipsis
404 2394 704 2459 praedonibus
738 2394 890 2457 Anglis
919 2394 1325 2440 vehementissime
1361 2395 1650 2460 displicebat.

264 2472 397 2518 Unde
437 2472 606 2517 modos
643 2472 1023 2528 nefandissimos,
1065 2472 1110 2515 in
1158 2471 1366 2534 pluribus
1402 2475 1655 2535 prswinciae

262 2550 559 2595 Norinanniae
589 2548 826 2612 partibus,
864 2549 1186 2611 excogitarunt
1227 2558 1271 2593 et
1310 2551 1652 2612 practicarum,

261 2627 433 2690 quibus
475 2626 733 2672 libertatem
775 2626 901 2672 illam
939 2626 1099 2689 populi
1147 2626 1384 2688 adimere,
1428 2639 1472 2674 61
1505 2631 1654 2694 ipsam

261 2721 452 2768 prorsus
477 2704 767 2765 exstinguere
792 2713 837 2749 et
856 2704 1163 2749 exterminare
1186 2714 1391 2766 possent.
