2037 3442
485 347 533 380 50
860 341 1195 376 HISTORIARUM
1223 340 1400 376 CAROLI
1430 342 1498 375 VII

482 425 678 479 Scalis¹‚
719 439 826 467 cum
859 420 1066 484 pluribus
1094 421 1191 465 aliis
1229 420 1478 465 comitibus
1519 430 1564 465 et
1598 423 1871 483 proceribus

481 499 609 561 regni
639 499 830 559 Anglici.
865 500 1078 553 Quorum
1113 497 1303 558 quidem
1338 512 1561 541 numerus
1604 497 1772 542 militiae
1814 499 1873 543 ad

479 576 660 620 circiter
688 574 1046 637 quatuordecim
1071 573 1243 632 millia,
1278 576 1564 618 Francorum
1597 589 1725 632 vero,
1762 590 1871 619 cum

478 653 628 697 Scotis
651 661 695 696 et
723 651 902 709 ltalicis,
927 650 986 696 ad
1012 650 1151 711 longe
1174 648 1451 712 ampliorem
1478 649 1812 696 aestimabatur.

541 728 682 790 Igitur
700 744 808 772 cum
826 726 1081 790 praefinitus
1095 725 1275 772 adesset
1289 725 1434 784 dies‘2,
1454 743 1547 787 quo
1566 726 1625 772 ad
1639 736 1873 773 certamen

477 803 879 865 congrediendum
903 813 1017 860 erat,
1046 802 1304 864 Anglorum
1329 803 1555 848 exercitus
1580 804 1625 848 in
1652 805 1786 865 agris,
1814 803 1872 848 ab

476 881 654 944 oppido
670 881 877 926 Vernolii
893 879 1033 943 paulo
1059 880 1212 925 minus
1236 879 1419 925 milliari
1439 879 1616 926 Gallico
1632 882 1645 903 ³
1659 881 1867 938 remotis,

475 967 625 1002 castra
638 957 808 1002 locavit
823 975 834 1014 3
852 957 913 1002 ita
928 967 978 1001 ut
996 957 1239 1020 perspicue
1260 974 1286 1003 a
1305 957 1514 1017 Francis,
1532 957 1612 1020 qui
1629 957 1676 1002 in
1695 957 1872 1020 oppido

475 1042 607 1078 erant
621 1042 666 1078 et
681 1050 737 1079 eo
753 1033 893 1092 circa,
911 1032 1200 1078 viderentur.
1215 1033 1382 1078 Franci
1400 1043 1575 1089 autem,
1588 1049 1718 1078 suam
1734 1033 1874 1078 etiam

476 1109 687 1155 militiam
720 1109 898 1172 oppido
933 1109 1214 1169 educentes,
1245 1110 1291 1154 in
1315 1110 1538 1173 proximis
1565 1108 1727 1172 oppidi
1751 1125 1876 1154 cam-

474 1185 545 1249 pis
565 1202 762 1231 suorum
780 1186 981 1231 militum
1001 1187 1120 1232 acies
1138 1186 1434 1232 ordinarunt.
1454 1186 1595 1242 Quod
1617 1203 1725 1231 cum
1746 1186 1880 1231 fecis-

474 1272 601 1320 sent,
636 1263 757 1307 Italis
785 1261 1020 1324 equitibus
1043 1263 1437 1326 praecedentibus,
1465 1263 1702 1326 pedestres
1726 1262 1873 1325 copiae

474 1354 582 1383 cum
606 1339 767 1384 militia
793 1341 1043 1398 Scotorum
1068 1339 1257 1385 obviam
1283 1340 1503 1401 Anglicis‚
1532 1339 1721 1386 eosdem
1755 1355 1875 1401 quo-

473 1430 565 1476 que
585 1415 968 1477 expectantibus,
995 1415 1251 1478 procedere
1274 1426 1533 1479 coeperunt.
1560 1419 1876 1477 Irrumpentes

473 1491 629 1553 itaque
652 1492 832 1554 equites
851 1491 1015 1537 Gallici
1038 1493 1085 1536 in
1112 1492 1368 1554 Anglorum
1392 1493 1602 1556 peditum
1626 1492 1746 1537 acies
1771 1507 1879 1536 cum

473 1567 740 1613 vehementi
762 1569 980 1626 incursu,
1010 1570 1212 1614 multum
1234 1579 1386 1615 metus
1413 1580 1552 1633 atque
1575 1568 1770 1633 periculi
1795 1569 1879 1614 eis-

475 1643 584 1689 dem
609 1645 934 1704 incusserunt‚
967 1646 1269 1709 quamplures
1296 1663 1347 1692 ex
1382 1647 1515 1710 ipsis,
1559 1664 1677 1709 quos
1715 1645 1878 1690 obvios

475 1719 692 1766 habuisse
741 1731 1025 1784 potuerunt,
1074 1722 1134 1767 ad
1181 1732 1353 1769 terram
1401 1720 1782 1786 [profligantes]‚
1835 1731 1879 1766 et

475 1797 617 1841 totius
634 1797 887 1858 Anglorum
910 1798 1138 1842 exercitus
1156 1799 1277 1843 acies
1292 1809 1614 1861 penetrantes,
1648 1814 1746 1843 sese
1770 1797 1879 1860 ipsis

477 1872 676 1934 Anglicis
708 1872 1020 1926 findentibus,
1049 1883 1100 1918 ut
1123 1874 1340 1919 transitus
1374 1875 1471 1937 ipse
1497 1874 1619 1920 Italis
1645 1873 1877 1936 equitibus

476 1964 585 1992 cum
607 1949 791 1994 minore
816 1965 982 1994 eorum
1006 1948 1288 1995 detrimento
1310 1959 1619 2013 praestaretur.
1656 1952 1774 1995 Cum
1797 1966 1878 1995 au·

476 2033 570 2068 tem
602 2025 664 2070 ita
692 2034 1013 2089 penetrassent
1047 2026 1306 2088 Anglorum
1344 2027 1486 2085 acies,
1516 2027 1672 2072 multis
1695 2042 1877 2072 eorum—

477 2099 585 2145 dem
615 2101 872 2163 Anglorum
894 2103 1137 2164 prostratis
1170 2103 1230 2147 ad
1261 2112 1458 2161 terram,
1495 2113 1540 2148 et
1568 2120 1759 2148 omnem
1785 2107 1877 2148 An-

473 2175 661 2237 glorum
696 2178 950 2223 exercitum
987 2180 1396 2242 pertransiissent,
1442 2190 1491 2224 ut
1532 2195 1611 2224 eos
1640 2179 1738 2241 jani
1773 2189 1879 2242 post

478 2262 658 2315 tergum
676 2254 1022 2317 relinquerent3
1050 2256 1362 2301 existimantes
1394 2264 1640 2316 sequentes
1665 2272 1712 2301 se
1736 2258 1879 2301 Fran-

475 2346 641 2375 corum
671 2332 1015 2393 Scotorumque
1053 2332 1236 2394 copias,
1267 2332 1394 2394 quod
1430 2332 1537 2376 satis
1577 2332 1770 2377 feliciter
1806 2332 1876 2376 iu-

474 2407 702 2453 choarant
724 2407 1012 2471 perfecturos
1043 2408 1164 2465 fore,
1200 2418 1246 2454 et
1270 2409 1438 2470 Anglos
1461 2409 1506 2453 in
1539 2407 1720 2471 reliquo
1747 2408 1876 2453 facile

475 2484 755 2530 occumbere
792 2494 836 2530 et
873 2485 998 2529 vinci
1033 2501 1199 2547 posse,
1234 2484 1293 2530 ad
1328 2484 1581 2530 sarcinulas
1618 2485 1875 2547 Anglorum

474 2560 787 2624 diripiendas,
814 2578 917 2624 quae
940 2578 1049 2606 cum
1079 2578 1246 2606 eorum
1282 2561 1466 2607 famulis
1490 2571 1536 2606 et
1562 2560 1876 2624 mangonibus

525 2688 542 2722 1
556 2715 563 2722 .
594 2687 694 2723 Lord
714 2687 852 2725 Scales.

525 2746 563 2781 2.
598 2747 643 2780 17
663 2747 890 2782 a0c1t1424.

525 2804 561 2838 3.
594 2804 677 2839 Une
690 2803 788 2840 liene
808 2803 854 2839 de
868 2805 1023 2841 France.
