2037 3442
396 293 470 326 274
775 290 1110 325 HISTORIARUM
1139 290 1318 325 CAROLI
1346 291 1414 325 VII

395 373 442 416 in
468 387 638 431 magno
658 386 860 415 numero
885 369 1063 429 aliquot
1092 368 1372 413 mansissent
1389 368 1555 414 diebus
1570 404 1581 426 ,
1604 373 1795 417 veniens

395 463 553 492 comes
589 445 647 490 de
685 445 885 506 Stampis
907 446 935 501 ¹,
980 459 1103 487 unus
1146 443 1408 506 praecipuus
1444 443 1565 488 inter
1607 455 1795 492 caeteros

394 523 566 568 militiae
589 522 732 567 duces
754 536 875 583 quos
897 529 1009 565 tunc
1032 518 1158 564 idem
1180 519 1275 564 dux
1300 519 1542 583 Philippus
1566 519 1792 582 habebat,

391 617 502 645 cum
530 599 639 644 satis
669 613 815 662 parva
838 597 1037 642 militum
1062 612 1232 655 manu,
1260 597 1532 643 Gandenses
1555 599 1636 660 qui
1660 600 1795 662 oppi-

392 677 508 722 dum
543 675 825 721 obsidebant
856 673 1161 737 expugnavst,
1195 673 1449 736 multisque
1478 690 1643 720 eorum
1676 676 1796 721 mili-

393 753 517 799 tibus
541 752 615 798 vel
635 753 761 798 caesis
789 752 865 797 vel
893 752 942 796 in
968 767 1200 814 aquarum
1238 750 1497 813 gurgitibus
1530 752 1791 812 suffocatis,

390 832 597 894 reliquos
621 832 669 876 in
693 830 850 893 fugam
875 830 1027 892 coegit
1045 831 1074 873 ².

453 912 510 954 Et
555 908 649 954 hoc
695 909 902 971 primum
944 907 1157 970 praelium
1202 906 1285 951 suit
1325 907 1373 951 in
1415 923 1511 968 quo
1551 907 1796 953 infeliciter

389 986 667 1032 dimicantes
711 984 1003 1031 succubuere
1045 983 1320 1029 Gandenses
1356 1002 1366 1027 ε
1411 984 1538 1030 triste
1583 984 1794 1048 profecto

387 1063 650 1109 suturarum
685 1061 1005 1107 calamitatum
1036 1077 1227 1107 suarum
1262 1061 1545 1124 auspicium,
1587 1072 1634 1107 et
1665 1063 1795 1125 quod

387 1140 518 1199 satis,
553 1140 590 1184 si
624 1154 791 1184 sanum
829 1138 1007 1201 aliquid
1042 1139 1329 1202 sapuissent,
1366 1154 1446 1184 eos
1478 1148 1530 1183 ut
1559 1154 1586 1184 a
1622 1148 1795 1184 temere

387 1215 543 1278 caeptis
567 1215 844 1260 desisterent
861 1223 907 1259 et
922 1229 1088 1276 pacem
1113 1214 1462 1276 perquirerent,
1489 1229 1794 1260 commonere

385 1290 648 1337 debuisset!
683 1291 774 1336 Sed
803 1291 924 1336 miro
954 1291 1000 1335 in
1031 1291 1103 1336 sui
1131 1291 1321 1335 exitium
1353 1291 1576 1335 concitati
1607 1291 1791 1349 furore,

385 1384 474 1414 nec
499 1368 563 1413 sic
594 1368 921 1413 imminentem
954 1368 1019 1413 eis
1047 1368 1311 1413 exterminii
1335 1367 1518 1412 cladem
1551 1367 1794 1413 advertere

384 1455 668 1508 potuerunt,
714 1456 758 1490 et
804 1444 969 1506 quod,
1011 1445 1151 1490 nimis
1196 1445 1397 1508 impares
1443 1454 1489 1489 et
1526 1444 1702 1490 viribus
1750 1454 1795 1490 et

385 1522 550 1580 armis,
580 1532 747 1568 contra
771 1532 865 1567 tam
890 1531 1134 1584 potentem
1160 1531 1499 1583 strenuumque
1530 1521 1792 1585 principem

382 1598 561 1645 bellum
584 1609 759 1645 temere
787 1600 938 1644 exorsi
970 1608 1137 1645 essent.
1171 1599 1303 1644 Unde
1333 1599 1489 1644 adhuc
1518 1600 1565 1644 in
1596 1616 1791 1663 campos

383 1685 618 1737 patentes,
646 1686 775 1721 extra
799 1675 1029 1738 oppidum
1057 1693 1195 1721 suum
1212 1713 1222 1733 ‚
1246 1676 1417 1721 iterum
1448 1686 1587 1736 atque
1622 1677 1792 1722 iterum

383 1751 507 1796 exire
542 1762 961 1814 praesuffipserunt‚
992 1762 1099 1797 ante
1133 1752 1352 1797 ultimum
1391 1751 1601 1814 praelium
1629 1751 1789 1817 [apud]

383 1838 586 1873 castrum
620 1832 767 1873 Gavre
788 1830 801 1850 3
823 1827 1057 1885 habitum,
1098 1828 1227 1890 quod
1265 1845 1345 1873 eos
1377 1845 1524 1890 usque
1552 1845 1701 1892 prope
1730 1831 1791 1876 ad

384 1904 578 1950 totalem
617 1904 986 1950 internecionem
1027 1905 1279 1967 prostravit
1318 1921 1371 1949 ac
1414 1904 1600 1950 delevit.
1637 1907 1790 1952 Semel

385 1981 577 2045 quidem
626 1998 774 2045 prope
828 1991 1033 2026 castrum
1083 1981 1449 2044 Rupelmondae,
1494 1997 1603 2026 cum
1644 1983 1790 2027 multa

383 2074 549 2104 eorum
595 2058 738 2103 millia
785 2059 1027 2116 exiissent,
1075 2059 1405 2119 congressione
1446 2059 1619 2104 miliuae
1657 2059 1789 2105 ducis

382 2144 547 2182 contra
567 2151 648 2180 eos
667 2135 804 2195 facta⁷
823 2136 961 2181 etiam
984 2134 1226 2180 infeliciter
1244 2134 1379 2180 valde
1403 2136 1615 2198 oppressi
1636 2138 1784 2194 sunffl,

438 2283 475 2319 1.
503 2283 595 2318 Jean
615 2311 624 2328 ,
645 2289 767 2318 comte
786 2273 1022 2330 d’Etampes,
1045 2280 1092 2317 de
1111 2280 1148 2317 la
1168 2281 1312 2318 maison
1336 2280 1382 2318 de
1404 2284 1570 2327 Nmers,
1604 2281 1670 2330 qui
1700 2282 1788 2319 etait

384 2354 458 2378 une
472 2340 641 2377 branche
659 2340 706 2378 de
726 2341 821 2379 celle
842 2341 887 2378 de
908 2344 1150 2391 Bourgogne.

435 2404 472 2439 2.
502 2403 523 2437 2
536 2404 550 2437 l*
568 2401 662 2437 avril
683 2403 796 2440 4452.

437 2464 474 2498 3.
506 2463 558 2497 Le
577 2460 737 2497 chateau
757 2460 804 2496 de
829 2461 976 2506 Gavre,
1003 2462 1024 2496 a
1044 2460 1135 2496 trois
1155 2460 1273 2497 lienes
1302 2459 1349 2496 de
1376 2459 1497 2497 Gand.
1532 2463 1603 2496 Les
1631 2461 1787 2497 Gantois

383 2518 533 2555 avaient
560 2520 778 2557 commence'
802 2520 855 2557 les
874 2520 1059 2557 hostilitcs
1085 2533 1153 2570 par
1179 2520 1212 2556 la
1233 2520 1334 2570 prise
1354 2519 1401 2556 de
1424 2527 1518 2556 cette
1544 2519 1666 2569 place⁹
1691 2521 1788 2556 C'est

382 2577 523 2615 devant
539 2592 596 2615 ses
614 2593 716 2616 murs
736 2583 866 2629 qu’eut
885 2580 960 2617 lieu
982 2581 1063 2617 leur
1080 2579 1255 2616 derniere
1271 2579 1421 2617 defaite.

437 2639 474 2674 4.
506 2639 558 2672 Le
578 2639 626 2673 ¹16
646 2638 729 2684 juin
750 2641 866 2675 1452.
893 2641 995 2676 Cette
1016 2639 1138 2675 action
1158 2639 1381 2675 iii-anmoins
1400 2639 1510 2675 coma
1535 2638 1626 2675 cher
1644 2652 1691 2675 au
1713 2637 1785 2674 duc

384 2695 430 2731 de
454 2698 701 2745 Bourgoguffi
725 2697 778 2734 les
806 2698 964 2734 Gantois
984 2697 1036 2734 lui
1068 2699 1215 2734 tuerent
1240 2712 1305 2735 son
1335 2697 1467 2734 baiard
1495 2697 1725 2742 bien-aime,
1751 2698 1783 2733 le

383 2754 513 2804 prince
533 2754 735 2793 θοι-1181110.
