2037 3442
417 294 463 327 76
795 289 1133 327 HISTORIARUM
1160 289 1338 325 CAROLI
1365 291 1433 324 VII

413 371 691 434 perlustrare
723 379 768 415 et
800 369 1055 431 praesertim
1084 368 1258 429 regiam
1291 368 1418 413 illam
1442 383 1575 412 suam
1598 369 1812 430 insignis-

412 447 577 491 simam
623 445 905 490 Parisiorum
948 444 1181 489 civitatem
1218 454 1356 505 atque
1390 444 1813 506 Sanctum-Diony-

412 523 572 578 sium¹,
601 519 682 565 ubi
716 519 935 565 diadema
965 529 1297 582 sceptrumque
1331 518 1481 581 regale
1515 529 1814 582 suscepturus

413 606 535 656 erat,
562 597 787 660 regnique
805 596 976 641 solium
999 611 1360 653 conscensurus,
1388 596 1815 658 Sanctum-Diony-

411 674 533 719 sium
569 691 678 719 cum
707 690 792 719 suo
817 673 1022 719 exercitu
1058 673 1205 736 petiit.
1238 674 1341 729 Quo
1376 672 1510 732 loco,
1541 689 1651 718 cum
1676 682 1816 718 tantae

413 750 584 796 militiae
609 761 749 814 atque
779 750 999 814 potentiae
1018 749 1077 795 ad
1100 749 1411 795 resistendum
1436 749 1651 795 inefficax
1672 759 1812 807 esset,

413 829 552 874 etiam
582 829 629 873 in
666 845 780 892 pace
811 837 1053 890 susceptus
1088 836 1181 881 est,
1209 834 1348 889 atque
1380 825 1519 885 inibi,
1548 835 1597 871 ut
1632 826 1817 888 regibus

413 905 549 951 novis
572 905 716 950 moris
739 913 829 962 est,
856 912 1111 949 coronatus
1129 905 1156 948 ¹.

478 984 599 1027 Cum
626 991 783 1027 autem
817 981 910 1025 illic
947 979 1150 1025 adstaret
1180 996 1264 1043 per
1299 979 1478 1041 aliquot
1512 978 1638 1037 dies,
1678 978 1816 1024 etiam

414 1060 699 1105 Parisiorum
721 1058 881 1104 civitas
915 1067 1146 1103 summata
1175 1067 1243 1102 est
1272 1066 1412 1118 atque
1444 1055 1735 1101 commonita
1768 1066 1820 1101 ut

415 1153 571 1198 regem
595 1152 730 1181 suum
750 1135 981 1197 suscipere
1005 1134 1159 1196 eique,
1185 1143 1235 1178 ut
1258 1133 1464 1195 legitimo
1490 1132 1691 1196 principi
1711 1148 1814 1189 suo,

413 1213 672 1275 ingressum
702 1212 814 1257 dare
837 1220 975 1273 atque
1000 1227 1162 1273 parere
1187 1210 1339 1255 vellet.
1370 1209 1460 1255 Sed
1486 1226 1595 1254 cum
1621 1208 1713 1253 illic
1748 1225 1818 1254 es·-

413 1299 516 1335 sent
545 1289 820 1334 ssethfordiae
851 1287 943 1333 dux
977 1297 1023 1333 et
1046 1303 1215 1349 magna
1239 1286 1494 1349 Anglorum
1522 1285 1820 1348 Burgundio-

414 1383 623 1429 numque
661 1365 896 1429 praesidia,
939 1375 1103 1428 spretae
1142 1374 1250 1409 sunt
1286 1381 1339 1410 ac
1373 1364 1514 1409 irrisae
1546 1362 1819 1424 hujusmodi

413 1444 751 1489 summationes
788 1452 834 1488 et
871 1443 1173 1487 monitiones.
1215 1445 1370 1498 Quam
1408 1458 1507 1486 rem
1544 1441 1709 1485 Franci
1750 1440 1821 1484 in-

414 1520 554 1583 digne
594 1520 817 1578 ferentes,
852 1519 989 1564 simul
1027 1517 1242 1563 nonnihil
1281 1518 1380 1581 spei
1425 1517 1655 1562 habentes
1693 1515 1823 1577 quod

414 1599 559 1655 cives,
597 1598 678 1660 qui
714 1613 915 1642 numero
946 1606 991 1641 et
1033 1595 1207 1641 viribus
1254 1594 1407 1657 Anglis
1444 1603 1490 1639 et
1530 1592 1825 1655 Burgundio-

415 1674 552 1719 nibus
587 1674 724 1736 longe
759 1674 1023 1736 superiores
1054 1681 1209 1726 erant,
1243 1671 1307 1716 eis
1332 1670 1393 1715 ad
1425 1679 1651 1715 conatum
1683 1678 1823 1730 atque

416 1750 702 1796 desiderium
731 1767 868 1795 suum
891 1748 1230 1813 perficiendum
1258 1747 1424 1793 fierent
1453 1746 1717 1808 adjutores,
1745 1761 1824 1807 ag-

416 1828 558 1889 gressi
580 1837 688 1872 sunt
710 1826 878 1872 urbem
906 1841 1206 1889 expugnare,
1246 1824 1569 1885 insultumque
1602 1821 1750 1867 facere
1779 1831 1825 1867 et

419 1905 593 1950 vallum
635 1904 807 1949 intrare
848 1902 1155 1957 inchoarunt,
1200 1901 1456 1945 comitante
1495 1898 1686 1944 eosdem
1728 1898 1823 1942 imo

418 1992 463 2028 et
486 1991 722 2045 praeeunte
745 1984 927 2025 Joanna
953 1977 1131 2036 Puella,
1159 1994 1267 2022 cum
1295 1976 1415 2021 duce
1440 1974 1684 2022 Alenconii
1710 1974 1831 2018 mul-

421 2060 572 2121 tisque
606 2058 740 2119 regiis
775 2056 1028 2120 capitaneis
1059 2064 1104 2100 et
1136 2053 1337 2098 ducibus
1370 2052 1588 2097 militum.
1618 2049 1822 2107 Quibus,

420 2152 530 2181 cum
554 2135 583 2179 ii
608 2135 688 2196 qui
709 2134 755 2178 in
782 2133 1016 2178 moenibus
1040 2140 1174 2176 erant
1196 2128 1526 2175 confertissimi
1549 2136 1689 2189 atque
1713 2126 1829 2171 den-

423 2212 607 2268 sissimi,
641 2211 701 2256 ad
726 2209 1079 2256 defendendum
1102 2224 1154 2252 ac
1182 2205 1581 2269 propugnandum
1605 2204 1824 2266 expediti,

423 2289 660 2352 petrariis,
688 2287 961 2344 tormentis,
985 2285 1163 2332 balistis
1204 2293 1248 2328 et
1278 2284 1377 2328 aliis
1407 2281 1596 2344 jaculis,
1637 2281 1829 2326 viriliter

426 2365 687 2412 admodum
734 2364 1022 2421 resisterent,
1070 2360 1227 2406 multis
1274 2377 1329 2405 ex
1371 2360 1483 2423 ipsis
1520 2357 1828 2403 insultoribus

425 2443 682 2506 peremptis
722 2441 794 2487 vel
834 2441 1072 2495 sauciatis,
1105 2438 1204 2501 ipsa
1225 2436 1365 2482 etiam
1393 2438 1575 2480 Joanna
1603 2433 1760 2479 Puella
1781 2432 1827 2477 in

425 2520 608 2565 femore
621 2520 750 2582 jactu
767 2518 941 2565 balistae
964 2517 1227 2571 vulnerata,
1248 2514 1452 2558 frustrati
1474 2511 1830 2572 inefficacesque

484 2658 520 2692 1.
553 2659 604 2694 M.
627 2658 790 2705 Laporte
810 2655 861 2691 du
885 2654 991 2691 Theil
1010 2666 1032 2690 a
1050 2651 1214 2702 suppose
1237 2650 1285 2687 ici
1305 2662 1379 2686 une
1401 2647 1671 2692 inexactitude,
1699 2645 1790 2683 mais
1811 2646 1832 2680 a

436 2723 522 2752 tort.
546 2714 576 2751 Il
607 2714 769 2763 ignorait
791 2714 952 2750 l⁷ancien
973 2725 1089 2762 usage
1108 2710 1350 2748 d’introniser
1368 2708 1422 2745 les
1446 2707 1522 2744 rois
1547 2708 1567 2742 Ξι
1593 2703 1832 2744 Saint-Denis

436 2775 546 2826 apres
565 2773 601 2811 le
621 2785 725 2810 sacre
745 2772 790 2809 dc
809 2773 950 2811 Reims.
976 2774 1126 2808 Notices
1153 2773 1217 2806 cles
1238 2770 1474 2812 manuscr-iffi,
1492 2775 1518 2803 t.
1541 2769 1573 2812 1,
1597 2779 1635 2815 p.
1660 2766 1749 2800 417.
