2037 3442
428 300 501 336 308
805 293 1143 334 HISTORIARUM
1170 293 1350 330 CAROLI
1379 294 1449 331 VII

426 389 472 426 et
494 376 850 442 quodammodo
877 375 1156 422 surientibus
1179 374 1352 420 similes
1372 373 1541 432 effecti,
1561 374 1828 421 servitutem

426 455 702 517 gallicanam
731 453 1086 513 horrescentes,
1118 450 1362 497 communi
1398 450 1577 514 impetu
1609 449 1670 495 ad
1700 466 1830 497 arma

424 531 672 578 unanimes
713 539 1072 575 concurrerunt.
1115 528 1258 586 Quod
1298 544 1396 573 non
1435 527 1535 572 sine
1570 527 1738 572 timore
1778 542 1832 572 ac

424 617 603 653 terrore
626 606 770 652 iidem
793 606 908 668 regii
932 605 1242 652 commissarii
1265 620 1375 651 cum
1399 603 1572 650 factum
1597 603 1830 660 viderent,

423 685 579 731 soluto
613 694 882 743 conventu,
925 683 1067 730 celeri
1115 683 1224 746 suga
1265 683 1353 729 sibi
1396 682 1694 728 consulentes
1715 719 1727 742 ,
1772 681 1834 728 ad

422 778 578 808 arcem
605 761 826 820 civitatiS,
853 777 997 824 quam
1022 760 1219 806 militare
1242 759 1513 824 praesidium
1541 775 1569 805 a
1599 775 1708 821 rege
1740 758 1834 804 illic

422 838 630 902 positum
653 836 947 896 asservabat,
971 852 1130 900 gressu
1148 852 1356 900 propero
1380 835 1711 898 confugerunt.
1733 837 1834 881 Sta-

424 916 509 962 tim
532 925 690 963 autem
714 924 813 962 tota
836 923 1078 961 commota
1099 914 1285 960 civitate
1320 923 1365 960 et
1395 912 1661 959 libertatem
1684 912 1833 958 accla-

423 1002 610 1053 mante,
641 993 783 1040 etiam
808 1009 963 1038 arcem
989 992 1142 1056 ipsam
1165 991 1418 1038 obsidione
1450 990 1783 1037 concluserunt
1801 993 1828 1036 ยน.

487 1071 604 1127 Quae
632 1086 706 1116 res
739 1086 849 1116 cum
875 1070 972 1133 regi
1005 1069 1252 1116 exstitisset
1282 1069 1524 1127 nuntIata,
1551 1069 1698 1132 ipsius
1733 1068 1834 1114 ani-

422 1162 554 1192 mum
571 1163 669 1193 non
687 1162 857 1210 parum
874 1146 1066 1192 anxium
1090 1144 1337 1206 reddebat,
1356 1162 1467 1191 cum
1491 1144 1717 1191 militibus
1739 1145 1835 1191 suis

424 1224 587 1284 etiam,
614 1233 781 1288 praeter
803 1223 926 1269 illius
955 1222 1156 1269 dominii
1187 1222 1491 1269 amissionem
1509 1259 1520 1281 ,
1548 1239 1686 1285 grave
1708 1223 1834 1286 peri-

423 1300 586 1347 culum
605 1301 853 1347 imminere
876 1310 1108 1347 cerneret.
1129 1301 1349 1364 Cogitans
1367 1301 1524 1364 itaque
1544 1300 1624 1346 tali
1640 1300 1835 1346 obviare

419 1378 647 1440 Jacturae,
687 1377 826 1423 simul
860 1387 907 1424 et
939 1378 1156 1424 militiam
1195 1394 1329 1424 suam
1362 1378 1422 1424 ab
1459 1378 1736 1425 imminente
1770 1379 1835 1424 eis

425 1457 567 1502 exitio
597 1465 844 1520 protegere
868 1472 923 1503 ac
946 1455 1214 1517 defensare,
1241 1456 1592 1522 expeditionem
1615 1457 1695 1503 illo
1718 1456 1836 1503 mili-

426 1544 575 1582 tarem
591 1535 808 1582 navalem
831 1552 885 1583 ac
908 1546 1175 1583 terrestrem
1199 1536 1434 1584 destinare
1458 1537 1653 1583 curavit.
1675 1536 1833 1583 Navali

427 1622 584 1659 autem
614 1613 797 1677 praefuit
829 1616 1054 1673 Renatus,
1085 1631 1167 1660 rex
1201 1615 1391 1673 Siciliae,
1418 1614 1478 1660 de
1502 1631 1597 1678 quo
1621 1615 1836 1678 superius

428 1691 698 1754 frequenter
722 1692 1051 1751 meminimus3
1078 1692 1160 1755 qui
1183 1708 1239 1738 ex
1261 1691 1416 1738 littore
1440 1691 1710 1750 Provinciae,
1733 1707 1837 1754 quae

428 1768 517 1815 sibi
537 1769 755 1833 parebat,
781 1769 986 1816 collectis
1008 1768 1250 1816 nonnullis
1270 1769 1453 1831 galleis,
1483 1769 1623 1816 armis
1645 1779 1691 1815 et
1714 1769 1838 1814 mili-

429 1846 552 1893 tibus
577 1848 836 1908 instructis,
864 1864 949 1912 per
979 1864 1108 1894 mare
1134 1847 1195 1893 ad
1228 1847 1449 1893 solatium
1485 1846 1686 1892 obsessis
1720 1864 1837 1910 prae-

429 1923 651 1971 standum
666 1961 677 1982 ,
704 1940 800 1970 una
823 1941 933 1970 cum
958 1925 1163 1971 terrestri
1187 1924 1484 1988 expeditione
1508 1923 1702 1969 deberet
1726 1940 1839 1970 con-

429 2017 636 2048 currere.
657 2001 852 2047 Parebat
869 2011 1027 2048 autem
1047 2001 1202 2047 adhuc
1221 2011 1321 2047 tum
1335 2000 1432 2063 regi
1452 2002 1654 2057 Savona,
1677 2001 1838 2048 civitas

429 2077 689 2136 maritima,
715 2077 869 2124 vicina
900 2081 1087 2137 Januae3
1116 2095 1171 2123 ex
1204 2077 1336 2139 cujus
1360 2087 1528 2141 portu,
1556 2093 1666 2123 cum
1691 2078 1838 2140 copiae

427 2155 643 2218 equitum
665 2164 805 2218 atque
829 2154 1044 2219 peditum
1068 2172 1152 2219 per
1183 2165 1355 2201 terram
1384 2164 1556 2219 paratae
1588 2154 1834 2213 adforent,

427 2230 573 2277 classe
592 2230 764 2289 soluta,
791 2231 851 2276 ad
874 2241 1064 2296 portum
1089 2235 1247 2277 Januae
1264 2231 1390 2278 idem
1413 2234 1616 2278 Renatus
1636 2230 1832 2295 appulit.

427 2310 546 2353 Cum
561 2317 719 2354 autem
736 2325 792 2355 ex
810 2308 1009 2355 adverso
1027 2309 1116 2373 ipsi
1132 2312 1388 2356 Januenses
1406 2310 1566 2373 copias
1584 2308 1837 2355 nonnullas

425 2386 638 2448 equitum
662 2402 689 2432 a
712 2385 831 2432 duce
855 2386 1135 2447 Mediolani,
1162 2403 1357 2449 magnas
1381 2403 1571 2450 quoque
1595 2386 1832 2450 peditum,

426 2472 472 2507 et
505 2462 564 2508 de
595 2463 782 2509 civitate
817 2473 862 2510 et
897 2463 1219 2526 adjacentibus
1247 2464 1490 2510 montibus
1527 2474 1668 2527 atque
1702 2463 1836 2510 terris

423 2551 766 2603 aggregassent,
784 2542 831 2588 in
848 2545 1137 2589 Francorum
1157 2552 1424 2589 terrestrem
1445 2543 1717 2603 exercitum,
1738 2542 1830 2596 vix,

423 2616 603 2678 pedites
628 2619 701 2664 vel
726 2620 932 2682 equites,
956 2637 1041 2685 per
1063 2636 1228 2685 aspera
1246 2620 1438 2668 illorum
1467 2622 1702 2668 montium
1736 2635 1836 2682 gra-

479 2774 518 2810 1.
550 2775 602 2810 Le
625 2775 647 2809 9
670 2778 904 2815 marsMffl,
