2037 3442
682 267 825 301 LIBER
853 264 1116 302 SECUNDUS.
1553 258 1597 292 61

213 357 258 392 et
282 347 575 404 tradimenta‚
599 346 834 391 nonnullae
852 347 990 391 etiam
1014 360 1110 389 non
1134 352 1316 387 tantum
1335 339 1476 385 semel
1493 354 1603 401 cap-

215 432 285 480 tae,
306 422 387 468 sed
408 422 571 484 saepius
594 422 802 467 hostium
827 438 878 466 ac
896 420 1171 483 praedonum
1195 415 1444 479 direptioni
1466 424 1603 476 atque

214 499 418 544 ludibrio
440 508 689 561 patuerunt
708 496 717 543 l
741 497 923 553 Quibus
943 512 1072 559 paene
1088 494 1283 540 similem
1305 492 1478 537 exitum
1494 491 1606 535 fece-

216 585 325 620 runt
346 575 593 619 innumera
607 575 699 619 fere
724 592 805 636 per
829 591 1018 619 omnem
1037 572 1230 617 Galliam
1247 570 1374 624 loca3
1403 584 1605 630 quorum

216 648 253 691 si
274 647 452 709 singula
487 648 740 692 infortunia
770 657 814 691 et
841 645 1095 692 exitiabiles
1116 659 1246 687 casus
1277 641 1445 686 referre
1470 640 1607 684 velle-

219 741 336 781 mus,
357 724 502 769 multa
522 724 655 768 nobis
674 723 902 768 librorum
917 721 1153 767 volumina
1176 716 1414 779 implenda
1436 724 1602 760 essent.

218 800 308 844 Sed
333 800 392 844 ad
415 799 569 860 aliqua
602 809 859 844 memoratu
887 797 1098 859 digniora
1126 792 1405 839 veniendum
1429 800 1521 847 est,
1550 789 1633 834 ne*

219 876 475 938 legentibus
498 877 686 921 onerosi
710 875 1027 935 fastidiosique
1051 871 1354 917 inveniamur.

680 1070 748 1111 CA
759 1064 1013 1111 PITULUM
1051 1065 1148 1107 VII.

405 1187 558 1228 Qualiter
574 1188 690 1221 civitas
706 1186 958 1220 Aurelianensis
972 1185 1013 1218 ab
1032 1183 1183 1229 Anglicis
1199 1183 1332 1215 obsessa
1347 1182 1422 1214 fuit.

286 1296 606 1351 Quadriennio
634 1296 861 1359 siquidem
880 1305 959 1341 aut
978 1296 1099 1341 circa
1122 1304 1229 1358 post
1252 1292 1462 1356 praelium
1487 1291 1613 1354 apud

220 1375 494 1420 Vernolium
509 1376 727 1434 decurso,
753 1391 860 1420 cum
887 1374 1060 1435 Anglici
1081 1389 1222 1436 supra
1245 1372 1416 1433 Ligeris
1438 1371 1612 1416 flumen

222 1452 450 1498 nonnulla
480 1453 788 1498 obtinuissent
821 1451 995 1514 oppida
1027 1467 1106 1496 seu
1147 1449 1355 1506 castella⁷
1402 1448 1616 1494 videlicet

226 1533 434 1592 Gergealc
468 1529 526 1574 ad
549 1539 750 1591 quatuor
772 1528 925 1573 leucas
959 1544 1099 1590 supra
1124 1526 1503 1572 Aurelianensem
1529 1542 1614 1570 ur—

222 1604 355 1664 bem,
386 1606 662 1651 Modinum¹
693 1621 804 1650 vero
836 1605 895 1650 ad
927 1613 1128 1666 quatuor
1169 1603 1378 1648 similiter
1410 1611 1454 1647 et
1494 1606 1615 1646 Βαα-

220 1683 355 1744 gensi
391 1682 448 1727 ael
481 1691 657 1745 septem
703 1681 820 1726 infra
857 1681 1026 1725 dictam
1072 1679 1267 1731 urbem„
1306 1694 1447 1741 supra
1492 1678 1616 1740 ripas

224 1757 432 1818 ejusdem
468 1758 692 1814 fluminis,
744 1765 1003 1801 statuerunt
1053 1755 1201 1817 ipsam
1236 1754 1617 1799 Aurelianensem

227 1833 388 1879 urbem
414 1834 616 1896 aggredi,
643 1850 789 1896 opum
814 1831 1100 1877 abundantia
1118 1842 1161 1876 et
1180 1830 1486 1894 populorum,
1511 1839 1620 1875 ante

227 1908 395 1953 multas
430 1908 568 1965 alias,
599 1919 709 1952 tunc
747 1907 1003 1969 frequentia
1033 1915 1078 1951 et
1112 1906 1448 1950 numerositate
1484 1905 1620 1950 reser-

227 1993 338 2028 tam.
378 1987 511 2040 Quae,
540 2000 647 2029 cum
675 1983 942 2029 suburbana
966 1982 1159 2027 haberet
1181 1981 1354 2045 ampla,
1382 1991 1545 2045 utpote
1573 1982 1619 2026 in

228 2059 397 2120 quibus
438 2070 590 2105 essent
623 2070 827 2122 quatuor
868 2069 1125 2104 conventus
1164 2058 1388 2103 ordinum
1428 2058 1621 2103 mendi—

228 2136 435 2181 cantium
459 2146 504 2180 et
527 2136 717 2197 insignis
745 2135 985 2196 collegiata
1015 2133 1207 2183 ecclesia
1235 2134 1392 2179 Sancti
1422 2134 1616 2192 Aniani,

229 2227 336 2256 cum
361 2211 572 2274 pluribus
598 2211 940 2274 parochialibus
966 2210 1168 2256 ecclesiis
1195 2220 1240 2255 et
1260 2210 1358 2255 aliis
1380 2210 1617 2268 oratoriis,

229 2287 363 2332 multi
399 2289 520 2334 cives
548 2289 681 2334 veriti
714 2306 800 2345 ne,
842 2298 887 2333 et
920 2288 978 2334 ad
1013 2305 1061 2334 se
1095 2287 1438 2352 protegendum
1472 2288 1622 2350 impu-

231 2364 566 2427 gnandumque
619 2366 849 2410 civitatem
872 2402 882 2420 ,
924 2365 1008 2410 ista
1046 2364 1260 2409 hostibus
1299 2363 1619 2421 deservirent,

231 2442 534 2504 comportatis
562 2441 679 2487 infra
704 2442 900 2500 moenia,
927 2457 1029 2503 quae
1052 2441 1143 2485 illic
1172 2440 1504 2499 constiterant,
1536 2440 1624 2485 bo-

232 2519 318 2575 nis,
347 2517 509 2563 eadem
538 2518 643 2579 igne
667 2527 950 2574 cremantes,
979 2517 1027 2561 in
1050 2516 1222 2562 favillas
1249 2516 1522 2578 cineresque
1551 2532 1624 2562 re-

232 2594 365 2639 dacta
388 2594 448 2640 ad
474 2593 628 2639 solum
655 2611 799 2656 usque
821 2592 1197 2656 complanarunt.

286 2731 299 2763 1
315 2757 322 2766 .
354 2727 702 2764 Meun—sur-Loire.
