2037 3442
323 278 396 314 332
746 276 903 311 INDEX
933 262 1298 311 CAPIT'ULORUM.

1636 348 1729 370 PAGES

323 390 531 422 CAPITULUM
546 399 609 420 vn.
623 406 671 412 —
686 386 813 428 Quales
831 385 986 418 fortunas
1006 385 1089 417 urbs
1111 384 1326 417 Parisiorum
1347 384 1479 418 invenit
1497 398 1576 418 cum
1592 385 1637 419 ad

372 448 586 480 Francorum
606 445 804 478 dominium
826 444 1037 486 revertisset,
1065 453 1097 476 et
1116 443 1159 477 de
1176 443 1440 477 crudelitatibus
1465 444 1638 478 Scortica-

373 516 487 540 torum
503 532 511 539 .
527 532 535 539 .
552 532 559 538 .
576 532 582 536 .
600 530 1632 539 ............................................

327 584 536 616 CAH-tuum
555 592 631 614 vm.
648 600 692 604 ——
711 581 761 613 De
778 579 961 613 obsidione
976 580 1088 625 posita
1106 579 1150 612 ad
1170 579 1342 626 oppidum
1359 580 1480 614 calesti
1497 593 1559 625 per
1576 579 1640 613 du-

375 654 447 675 cem
466 640 678 686 Burgundiae
693 653 773 673 cum
793 640 862 673 suis
879 640 1082 685 Flamingis,
1102 649 1133 673 et
1151 639 1333 685 quomodo
1353 641 1462 673 levata
1480 640 1560 674 fuit.
1577 667 1584 674 .
1602 667 1608 673 .
1625 667 1632 674 .

328 720 538 752 CAPITULUM
552 730 601 750 lx.
616 737 664 743 —
676 716 867 759 Quomodo
884 716 1054 761 Flamingi
1072 715 1114 749 de
1132 729 1193 750 sua
1208 716 1391 749 obsidione
1409 717 1586 762 fugerunt.
1603 742 1610 749 .
1627 743 1634 748 .

328 795 539 829 CAPITULUM
556 808 590 828 x.
609 813 651 821 —
666 796 716 828 De
740 804 889 840 quatuor
913 794 1121 827 exercitibus
1139 795 1182 827 ab
1202 795 1326 840 Anglia
1344 794 1467 828 eodem
1486 803 1643 839 tempore

377 855 422 888 ad
446 854 597 889 diversas
616 854 814 900 provincias
837 853 945 886 missis
964 878 1638 887 .............................

331 935 540 969 CAPITULUM
559 947 606 968 x1.
624 953 667 960 —-
684 933 832 968 Obsidio
865 933 1018 967 secunda
1041 933 1211 967 Harefluti
1236 934 1280 966 ab
1309 934 1446 979 Anglis‚
1476 941 1508 966 et
1538 932 1645 978 ipsius

378 995 545 1027 assecutio
555 1017 1640 1027 ..............................................

332 1074 543 1106 CAPrrULUM
559 1083 621 1104 xn.
639 1090 684 1096 -—
703 1070 915 1103 Insurrectio
936 1068 1106 1102 Ludovici
1121 1096 1129 1111 ‚
1150 1070 1313 1115 Delphini
1330 1069 1538 1102 Viennensis
1552 1096 1561 1111 ‚
1579 1068 1646 1102 ad-

380 1142 498 1162 versus
515 1142 631 1175 regem
644 1129 809 1162 Carolum
824 1157 830 1170 ‚
851 1137 983 1174 patrem
1000 1141 1100 1161 suum
1110 1153 1640 1163 .......................

334 1207 544 1240 CAPITULUM
568 1219 641 1241 xm.
664 1225 710 1231 —
728 1206 885 1248 Qualiter
915 1206 1059 1239 Carolus
1088 1219 1148 1239 rex
1171 1206 1248 1238 urbi
1274 1205 1458 1239 Parisiensi
1489 1204 1649 1238 subvenit

382 1264 618 1310 expugnando
633 1266 901 1298 Monsterolium
915 1292 923 1307 ‚
942 1264 1069 1298 Meldis
1081 1292 1088 1306 ‚
1107 1265 1364 1311 Montem-Argi
1382 1274 1412 1298 et
1431 1264 1646 1298 Credulium.

336 1342 545 1374 CAPITULUM
572 1354 645 1374 X1v.
663 1361 710 1367 —
726 1342 880 1384 Qualiter
898 1342 1078 1375 Pontisara
1097 1355 1116 1374 a
1135 1342 1261 1375 Carolo
1282 1355 1360 1387 rege
1380 1340 1573 1375 obsidetur.
1590 1367 1597 1374 .
1613 1366 1620 1373 .
1637 1366 1644 1373 .

337 1418 548 1452 CAPITULUM
565 1431 622 1450 xv.
640 1436 688 1443 —-
705 1418 927 1464 Expugnatio
950 1418 1137 1451 Pontisarae
1154 1430 1217 1464 per
1233 1418 1394 1451 Carolum
1409 1445 1416 1459 ‚
1436 1418 1652 1450 Francorum

384 1491 499 1524 regem
515 1503 1143 1514 ...........................
1162 1508 1166 1511 .
1184 1505 1455 1513 ............
1471 1511 1477 1515 ,
1496 1504 1646 1512 .......

339 1558 548 1590 CAPITULUM
567 1568 637 1590 xvt.
655 1575 702 1581 —-
719 1556 864 1601 Capitur
888 1568 906 1588 a
930 1556 1071 1589 Francis
1088 1556 1208 1590 civitas
1228 1557 1403 1598 Ebroicis,
1423 1565 1456 1589 et
1474 1568 1532 1589 rex
1549 1556 1654 1601 profi-

387 1614 526 1647 ciscitur
542 1613 587 1647 ad
611 1618 725 1646 Tartas
747 1614 782 1647 in
804 1614 990 1659 Aquitania
999 1639 1648 1649 ............................

341 1693 549 1726 CAPITULUM
571 1704 654 1726 xvn.
673 1712 718 1718 —
744 1694 794 1725 De
815 1691 1037 1737 expeditione
1064 1705 1187 1738 magna
1211 1705 1314 1737 quam
1336 1692 1434 1738 prior
1460 1692 1531 1725 dux
1550 1692 1654 1725 Sum-

390 1753 526 1785 merseti
544 1752 677 1798 trajecit
696 1753 732 1785 in
755 1753 937 1786 Franciam
948 1777 1648 1786 ..............................

342 1831 553 1864 CAPrrULUM
570 1843 670 1864 xvm.
687 1850 730 1856 —-
745 1831 795 1863 De
808 1829 992 1863 obsidione
1011 1829 1133 1876 oppidi
1152 1830 1282 1875 Diepae,
1301 1839 1332 1863 et
1350 1829 1530 1875 quomodo
1548 1838 1655 1863 castra

390 1890 589 1935 Anglorum
608 1902 626 1922 a
644 1889 784 1922 Francis
801 1898 995 1934 expugnata
1011 1898 1113 1934 atque
1129 1890 1266 1922 incensa
1286 1890 1425 1922 fuerunt
1433 1914 1651 1922 ..........

344 1966 553 2000 CAPITULUM
576 1979 646 2000 xrx.
662 1986 708 1991 —
721 1966 871 1998 Mittitur
888 1966 1017 2011 legatus
1038 1967 1080 1999 ab
1098 1966 1220 2012 Anglia
1237 1968 1272 1998 in
1290 1966 1451 2007 Galliam,
1470 1965 1514 1998 ad
1536 1974 1658 2012 peten-

392 2024 472 2058 dam
491 2038 638 2057 uxorem
654 2025 725 2071 regi
744 2026 935 2071 Anglorum
957 2025 1110 2058 Henrico
1128 2054 1135 2067 ⁷
1154 2024 1226 2058 dux
1246 2025 1420 2058 Suffolciae
1431 2051 1652 2059 ..........

346 2103 557 2136 ΟΑΡῐΤυιυΜ
584 2114 642 2134 xx.
657 2121 702 2127 —
719 2102 875 2143 Qualiter
897 2103 1090 2147 Margareta
1107 2130 1114 2146 ‚
1145 2102 1214 2135 filia
1240 2102 1362 2135 Renati
1378 2129 1386 2143 ‚
1407 2102 1529 2135 Siciliae
1548 2102 1634 2148 regis
1647 2129 1656 2144 ,

395 2160 602 2206 desponsata
630 2161 693 2194 fuit
718 2162 911 2206 Anglorum
934 2163 1024 2207 regi,
1049 2171 1079 2195 et
1109 2175 1185 2195 cum
1214 2163 1282 2195 hoc
1306 2172 1433 2208 treugae
1453 2163 1548 2196 factae
1573 2164 1662 2196 inter

394 2232 489 2265 reges
505 2220 657 2253 Franciae
675 2229 706 2254 et
723 2221 855 2266 Angliae
864 2247 1656 2256 ..................................

852 2353 988 2388 LIBER
1015 2353 1248 2396 QUARTUS.

348 2460 558 2493 Cunnum
573 2472 729 2494 PmMUM.
747 2481 794 2487 —
807 2461 945 2503 Quanta
960 2461 1074 2495 laetitia
1088 2490 1095 2503 ‚
1113 2462 1240 2507 treugis
1257 2462 1355 2495 factis
1370 2490 1376 2506 ‚
1396 2474 1516 2495 omnes
1537 2462 1664 2495 Gallia-

397 2530 474 2551 rum
492 2520 642 2564 populos
660 2519 854 2565 perfuderit
864 2546 1467 2554 ..........................
1482 2568 1484 2571 ι
1486 2546 1659 2554 ........

351 2596 559 2629 Cim-rmum
576 2609 613 2629 11.
631 2616 678 2622 —-
697 2596 901 2641 Quomodo,
922 2597 1075 2631 secundo
1091 2610 1183 2630 anno
1200 2607 1414 2643 treugarum,
1436 2610 1494 2630 rex
1512 2598 1666 2630 Franco-

398 2666 476 2686 rum
494 2667 570 2687 cum
590 2664 659 2689 tota
679 2657 799 2690 militia
816 2658 912 2702 regni
930 2657 964 2690 in
980 2657 1241 2703 Lotharingiam
1261 2666 1308 2690 est
1322 2658 1498 2702 profectus
1507 2682 1659 2690 .......

354 2730 562 2764 Cunnum
580 2744 632 2764 111.
651 2733 869 2775 —Qualiter
895 2747 953 2767 rex
980 2734 1145 2776 Carn'rus,
1172 2734 1207 2766 in
1232 2734 1456 2779 Lotharingia
1481 2733 1643 2766 exsistens

1668 505 1731 538 123

1676 991 1739 1023 132

1677 1128 1742 1160 135

1678 1264 1743 1297 138

1682 1341 1744 1373 139

1681 1479 1746 1511 141

1684 1615 1747 1646 147

1687 1752 1748 1784 149

1688 2025 1753 2057 154

1690 2223 1756 2255 156

1695 2522 1754 2554 161

1698 2658 1758 2690 163
