2037 3442
415 282 488 316 134
781 282 1115 317 HISTORIARUM
1143 282 1320 317 CAROLI
1349 285 1415 318 VII

413 375 538 417 mus,
567 367 826 403 restaurare
859 368 903 404 et
928 357 1191 403 firmissime
1226 362 1537 405 communire.
1578 361 1805 408 Putabant

411 436 535 479 enim
571 434 774 496 Anglos,
808 450 917 479 cum
954 434 1282 496 hujuscemodi
1313 437 1443 499 operi
1478 454 1558 483 eos
1595 437 1806 484 viderent

410 510 682 556 incumbere
710 510 864 573 (quod
896 511 931 556 si
966 511 1026 556 ad
1057 512 1316 575 perfectum
1342 512 1624 576 perductum
1659 524 1803 572 esset,

409 598 590 652 poterat
619 589 885 651 gravissime
915 589 1082 635 urbem
1116 589 1464 652 Rothomagum
1498 601 1738 637 coarctare
1764 601 1808 637 et

408 667 455 710 in
480 665 730 710 discrimen
755 683 852 711 non
876 683 1074 729 parvum
1099 666 1391 729 adducere),
1420 666 1479 711 ad
1497 666 1589 712 hoc
1613 678 1662 713 ut
1683 669 1808 714 obsi-

410 742 602 788 dionem
628 742 852 788 Harefluti
881 744 1117 789 solverent
1138 781 1148 800 ‚
1179 743 1381 805 adigere.
1421 743 1512 789 Sed
1537 745 1693 806 quoad
1716 744 1807 791 hoc

409 837 490 867 eos
510 838 591 867 sua
613 822 854 868 aestimatio
883 822 1066 883 fefellit,
1092 833 1143 868 ut
1166 823 1384 869 diximus.

476 902 621 944 Porro
643 900 679 944 si
699 899 910 945 militaris
929 899 1006 945 illa
1026 917 1192 946 manus
1211 903 1523 958 Francorum,
1547 916 1645 945 non
1667 917 1714 945 se
1735 917 1811 946 oc-

411 991 589 1038 cupans
632 975 691 1020 ad
723 976 834 1021 dicti
867 976 959 1022 loci
982 986 1185 1040 protunc
1224 978 1638 1033 restaurationem,
1666 993 1811 1039 pene-

413 1066 576 1101 trasset
610 1055 670 1101 ad
708 1055 1220 1114 Pontem-Odomari¹,
1262 1066 1307 1101 et
1340 1072 1488 1119 prope
1520 1056 1811 1102 Hareflutum

414 1144 562 1178 castra
583 1133 835 1195 posuisset,
867 1133 993 1178 unde
1022 1133 1082 1178 ad
1112 1132 1335 1178 alendum
1363 1134 1617 1179 exercitum
1644 1134 1812 1195 Anglo-

415 1194 521 1255 rum
543 1226 781 1255 annonam
808 1210 976 1256 advehi
1010 1212 1326 1256 necessarium
1355 1221 1476 1271 erat,
1506 1211 1715 1275 profecto
1741 1213 1812 1257 in-

415 1297 485 1332 tra
506 1287 604 1332 dies
629 1288 934 1350 paucissimos
955 1288 1185 1352 oppidum
1218 1288 1460 1334 obsessum
1486 1288 1544 1334 ab
1566 1289 1814 1334 obsidione

416 1361 703 1408 liberassent.
737 1363 790 1407 Id
817 1380 929 1409 vero
955 1364 1105 1409 facere
1131 1364 1378 1409 consilium
1402 1366 1599 1411 minime
1622 1381 1816 1428 accepe-

416 1450 543 1497 rant,
582 1439 663 1484 sed
708 1439 823 1484 illud
856 1441 1013 1503 potius
1054 1441 1184 1503 quod
1217 1441 1518 1504 praediximus
1553 1441 1815 1505 oppidum,

417 1518 590 1563 scilicet
614 1518 945 1576 LocumveriS,
972 1517 1019 1562 in
1048 1534 1143 1579 quo
1167 1518 1379 1581 plurimae
1407 1517 1563 1564 adhuc
1591 1517 1712 1563 aedes
1740 1534 1819 1562 re-

418 1596 538 1641 lictae
563 1604 723 1652 erant,
748 1595 1008 1640 instaurare
1034 1605 1078 1640 et
1096 1596 1333 1640 munitum
1358 1596 1523 1641 facere.
1556 1595 1697 1652 Quod
1721 1612 1819 1641 non

421 1674 577 1717 minus
609 1672 674 1716 eis
700 1671 1007 1734 postmodum
1043 1672 1242 1717 contulit
1274 1672 1562 1733 adjumenti,
1599 1689 1742 1734 quam
1782 1673 1820 1717 si

422 1748 714 1793 Hal-eflutum
747 1747 1012 1806 obsessum,
1035 1747 1115 1792 illo
1143 1765 1285 1810 opere
1309 1747 1546 1809 neglecto,
1572 1747 1819 1793 obsidione

422 1825 709 1871 liberassent.
735 1827 935 1886 Purgato
954 1824 1093 1885 igitur
1108 1824 1230 1869 vallo
1251 1825 1499 1882 Lociveris,
1523 1824 1652 1886 quod
1669 1842 1722 1870 ex
1741 1842 1819 1870 ru-

424 1902 613 1949 deribus
630 1901 845 1965 priorum
869 1900 1095 1945 moenium
1112 1909 1251 1961 atque
1268 1900 1470 1944 turrium
1499 1916 1614 1961 quas
1644 1902 1821 1962 Anglici

425 1986 690 2042 diruerant,
733 1991 785 2027 ut
821 1981 1021 2027 diximus
1042 2016 1053 2038 ,
1092 1980 1338 2042 impletum
1373 1979 1822 2042 complanatumque

425 2063 597 2115 fuerat,
627 2059 834 2105 decursis
851 2058 950 2119 jam
975 2065 1082 2120 post
1106 2056 1199 2100 hoc
1224 2056 1358 2101 annis
1392 2072 1470 2100 sex
1506 2065 1586 2101 aut
1615 2065 1818 2118 septem,

426 2142 598 2186 fossam
636 2152 855 2198 magnam
892 2151 975 2197 per
1010 2134 1150 2178 totius
1183 2132 1347 2195 oppidi
1383 2132 1628 2177 circuitum
1661 2133 1822 2178 Franci

426 2218 662 2274 fecerunt,
697 2223 950 2277 portasque
984 2211 1212 2271 erigentes
1243 2225 1297 2254 ac
1333 2209 1623 2267 munientes,
1663 2226 1823 2255 muros

427 2295 567 2339 etiam
598 2301 738 2354 atque
769 2300 916 2335 turres
946 2297 990 2333 et
1013 2287 1138 2332 varia
1164 2286 1520 2349 propugnacula
1543 2286 1675 2331 brevi
1714 2296 1824 2331 tem-

427 2387 542 2434 pore
566 2375 888 2414 exstruxerunt
906 2384 917 2425 3
936 2366 1000 2410 sic
1018 2362 1147 2426 quod
1163 2363 1210 2408 in
1235 2363 1394 2425 paucis
1411 2362 1651 2408 mensibus
1666 2363 1823 2408 locum

430 2445 821 2501 munitissimum,
852 2452 896 2488 et
929 2441 1077 2487 multo
1102 2439 1302 2503 amplius
1333 2456 1475 2502 quam
1498 2450 1606 2486 ante
1640 2440 1820 2497 suisset,

429 2525 751 2572 reddiderunt.
772 2527 1003 2569 Feruntur
1021 2520 1110 2565 illic
1128 2519 1275 2564 multo
1294 2528 1530 2581 tempore,
1552 2518 1666 2563 dum
1680 2528 1823 2581 caepto

428 2604 712 2649 insisteretur
737 2601 891 2664 operi,
924 2599 1062 2645 fuisse
1086 2613 1230 2659 usque
1254 2595 1314 2642 ad
1336 2595 1691 2658 quatuordecim
1717 2594 1824 2639 mil-

487 2770 497 2802 l
511 2797 519 2806 .
552 2765 871 2803 Pont—Audemer.
