2037 3442
404 266 477 300 146
786 261 1122 298 HISTORIARUM
1144 261 1320 296 CAROLI
1347 263 1415 297 VII

401 344 649 390 necabant.
703 341 978 386 Audivimus
1028 356 1115 384 nos
1163 341 1318 402 ipsum
1372 342 1591 386 Carolum
1639 358 1794 404 regem

402 420 680 465 referentem
703 416 854 477 quod,
884 430 994 460 cum
1016 431 1193 476 equum
1224 415 1311 459 sibi
1337 431 1362 459 a
1387 417 1506 473 suis,
1541 427 1675 479 porta
1701 434 1796 481 op-

400 495 498 559 pidi
535 502 737 539 reserata
768 508 850 537 seu
885 490 1099 546 effracta,
1131 490 1389 535 adductum
1422 493 1792 550 conscendisset,

400 581 446 616 et
469 571 517 615 in
550 569 701 632 platea
730 566 894 630 oppidi
918 583 1039 611 unus
1064 565 1307 627 Anglicus‘,
1342 583 1483 629 quem
1517 568 1712 630 quidam
1742 569 1800 615 de

400 648 511 704 suis,
537 645 730 691 vibratis
749 644 810 689 ad
831 660 941 689 eum
963 643 1276 689 occidendum
1302 643 1481 705 gladiis,
1510 645 1802 692 insectaban-

399 734 500 781 tur,
542 731 742 768 mortem
779 721 937 782 fugere
974 721 1198 782 gestiens,
1245 737 1343 766 sese
1379 720 1467 765 sub
1498 732 1660 767 ventre
1693 725 1802 786 equi

401 800 653 857 occuleret,
678 808 723 844 et
743 799 886 843 vitam
910 813 995 860 per
1018 798 1139 862 regis
1157 798 1507 843 miserationem
1528 798 1802 845 habiturum

400 886 607 940 speraret
626 912 638 934 ,
667 885 797 921 tanto
822 874 981 919 furore
1013 874 1278 936 saevitiaque
1304 890 1329 919 a
1355 875 1448 919 suis
1478 873 1617 920 fuisse
1647 891 1804 938 prose-

401 964 588 1011 cutum,
625 962 675 997 ut
705 968 880 1014 equum
920 951 1098 1013 ipsum,
1140 950 1216 995 cui
1256 949 1492 995 insidebat
1521 966 1633 1008 rex,
1675 967 1806 1014 paene

403 1029 692 1088 occiderent3
721 1038 764 1073 et
788 1027 895 1072 licet
915 1027 1062 1072 vitam
1085 1027 1229 1089 ipsius
1247 1061 1259 1084 ,
1292 1026 1591 1073 miseratione
1619 1042 1806 1089 permo-

402 1116 498 1164 tus,
539 1105 711 1151 servari
749 1103 999 1162 voluisset,
1041 1103 1260 1165 suisque,
1303 1112 1355 1147 ut
1387 1102 1676 1161 desisterent,
1700 1119 1807 1148 cum

404 1182 609 1228 clamore
644 1180 801 1226 valido
838 1180 1118 1241 imperaret,
1158 1179 1275 1224 nihil
1315 1189 1471 1224 tamen
1508 1195 1596 1225 nec
1631 1180 1809 1226 clamor

405 1276 493 1305 nec
534 1258 786 1322 imperium
821 1254 1052 1320 proficere
1098 1265 1357 1318 potuerunt
1400 1256 1654 1318 quominus
1699 1273 1808 1301 eum

405 1335 669 1398 gladiorum
703 1333 825 1378 acies
863 1331 1146 1377 devorarent
1173 1350 1181 1376 :
1210 1341 1340 1378 tanta
1371 1332 1539 1378 suroris
1580 1333 1731 1379 rabies
1765 1342 1811 1378 et

405 1412 472 1456 ira
497 1411 664 1456 animis
685 1419 796 1454 tunc
820 1411 1110 1453 Francorum
1133 1408 1402 1454 insederant
1421 1407 1430 1453 I

471 1490 603 1532 Hanc
640 1495 799 1531 autem
839 1493 980 1529 tantae
1015 1483 1277 1529 acerbitatis
1313 1485 1429 1529 iram
1468 1484 1578 1530 inde
1627 1484 1813 1530 aiebant

409 1563 652 1619 obortam,
683 1560 815 1624 quod
848 1560 922 1606 ille
953 1560 1175 1605 dominus
1198 1560 1256 1605 de
1290 1560 1466 1617 Talbot,
1495 1578 1590 1606 una
1627 1578 1680 1607 ex
1703 1563 1812 1607 vici-

407 1642 497 1687 bus
525 1657 619 1703 qua
641 1640 805 1685 solatia
829 1638 1027 1684 obsessis
1052 1639 1339 1702 praestiturus
1369 1639 1480 1685 illuc
1504 1639 1806 1697 adventarat,

409 1717 665 1781 quemdam
678 1717 960 1778 armigerum
978 1719 1284 1774 Francorum,
1306 1717 1401 1777 qui,
1427 1733 1452 1761 e
1476 1717 1637 1761 castris
1656 1717 1812 1762 exiens

410 1810 520 1840 cum
540 1793 704 1839 lancea
726 1791 979 1837 adversum
1005 1790 1163 1837 hostes
1178 1828 1189 1850 ,
1219 1801 1382 1854 captus
1405 1791 1464 1837 ab
1497 1792 1609 1854 ipsis
1632 1791 1781 1837 fuerat
1796 1827 1807 1849 ,

410 1872 668 1918 adductum
691 1885 851 1915 coram
868 1885 916 1913 se
941 1877 1102 1931 postea
1122 1877 1168 1913 et
1183 1878 1489 1925 exarmatum,
1516 1870 1665 1914 securi
1692 1869 1812 1932 ipse-

411 1959 507 1994 met
528 1955 817 2011 percusserat
836 1955 881 1991 et
897 1945 1164 1990 immaniter
1184 1954 1324 2008 atque
1345 1945 1594 1990 crudeliter
1613 1945 1813 1990 trucida-

410 2027 526 2070 rat1,
550 2027 605 2068 Et
629 2022 691 2068 ob
722 2038 826 2067 eam
849 2021 1189 2067 immanitatem
1210 2022 1259 2066 in
1286 2038 1411 2079 eum,
1450 2022 1530 2082 qui
1562 2020 1735 2066 nobilis
1769 2030 1814 2066 et

411 2111 628 2146 strenuus
648 2107 746 2144 erat
769 2097 918 2155 miles,
948 2097 1012 2142 sic
1035 2097 1316 2154 admissam,
1349 2106 1514 2142 contra
1540 2096 1616 2157 jus
1641 2107 1687 2141 et
1717 2097 1809 2157 fas,

412 2193 522 2222 cum
551 2175 763 2238 captivus
794 2183 1002 2219 servatus
1032 2173 1118 2218 sub
1150 2173 1336 2236 fideque
1372 2182 1589 2236 receptus
1621 2173 1809 2233 fuisset,

411 2261 647 2316 quotquot
676 2252 888 2297 saeviente
925 2251 1079 2313 gladio
1115 2249 1175 2295 de
1212 2249 1410 2311 Anglicis
1459 2248 1640 2295 inventi
1673 2259 1810 2306 sunt,

410 2332 586 2377 inferiis
617 2331 738 2376 illius
776 2329 994 2376 trucidati
1018 2339 1062 2374 et
1093 2328 1320 2374 victimati
1353 2326 1542 2372 fuerunt
1571 2342 1720 2388 usque
1755 2325 1814 2372 ad

410 2425 496 2454 Dec
518 2409 591 2454 vel
616 2424 748 2454 Dece.
775 2407 935 2452 Plures
954 2416 1111 2451 tamen
1134 2405 1180 2450 in
1214 2404 1360 2449 foveis
1384 2413 1429 2449 et
1464 2402 1678 2461 cellariis,
1713 2419 1815 2465 quae

410 2486 456 2530 in
482 2486 660 2549 oppido
687 2485 822 2531 valde
841 2484 1079 2548 profunda
1107 2494 1151 2530 et
1171 2483 1330 2529 abdita
1354 2492 1488 2542 sunt,
1526 2499 1574 2528 se
1596 2481 1812 2528 occulue-

464 2605 500 2638 1.
534 2605 582 2639 Ce
616 2603 701 2640 trait
731 2603 777 2641 de
803 2602 958 2641 cruaute
977 2605 1072 2640 n'est
1091 2614 1158 2652 pas
1187 2600 1366 2651 rapporte
1388 2600 1480 2638 dans
1505 2599 1561 2637 les
1588 2598 1814 2648 chroniques

410 2660 462 2696 [lu
492 2668 633 2710 temps,
668 2670 704 2699 et
731 2662 756 2699 il
783 2662 859 2700 m’a
884 2662 942 2699 ete
970 2659 1190 2712 impossible
1226 2660 1274 2698 de
1303 2669 1502 2698 retrouver
1526 2659 1561 2696 le
1587 2671 1677 2695 nom
1704 2656 1749 2693 de
1777 2656 1812 2692 la

410 2728 576 2756 vlotime.
