2037 3442
424 313 496 346 162
802 309 1138 345 HISTORIARUM
1166 310 1344 346 CAROLI
1372 311 1439 345 VII

421 389 617 436 Juvabat
641 399 685 434 et
711 388 846 433 silvas
881 388 1057 445 videre,
1085 398 1130 432 et
1155 405 1313 449 agros,
1342 389 1448 434 licet
1477 390 1651 450 ubique
1687 408 1816 454 paene

420 464 684 527 squalentes
710 474 756 509 et
786 463 1024 521 desertos,
1055 463 1252 508 virentia
1283 474 1440 526 prata,
1470 464 1713 528 fontesque
1750 478 1817 514 at-

419 558 510 605 que
543 556 730 600 amnes,
776 550 821 585 et
856 556 1096 602 aquarum.
1120 539 1297 585 rivulos
1331 540 1528 597 intueri3
1563 541 1621 587 de
1650 543 1818 605 quibus

418 617 610 682 quidem
651 634 678 663 a
721 617 879 662 multis
898 654 909 675 ,
959 617 1041 679 qui
1088 616 1278 662 urbium
1326 616 1524 664 claustra
1573 637 1816 684 nunquam

417 696 649 754 exierant,
697 693 821 740 fama
863 694 1138 751 dumtaxat,
1186 695 1508 756 experimento
1543 713 1654 742 vero
1692 698 1817 744 nulla

418 773 585 819 notitia
607 771 886 818 habebatur.

482 851 640 893 Unum
674 863 787 893 vero
823 846 960 892 valde
993 845 1328 892 admirandum
1363 857 1409 892 et
1442 847 1573 909 quod
1608 847 1818 895 divinum

417 941 536 987 opus
562 925 660 968 fore
683 923 1016 984 ambigendum
1045 922 1239 968 minime
1269 933 1392 981 erat,
1417 933 1603 986 poterat
1627 934 1727 969 tum
1752 926 1818 970 vi-

416 1001 533 1047 deri.
570 1003 687 1046 Nam
721 1018 829 1046 cum
848 1036 860 1059 ,
888 1010 996 1046 ante
1029 1010 1234 1061 treugas,
1267 1000 1387 1047 inter
1414 1001 1655 1064 utriusque
1678 1003 1819 1065 partis

416 1085 621 1122 armatos
666 1085 805 1138 atque
844 1075 1046 1139 populos
1085 1084 1211 1120 tanta
1249 1074 1469 1121 odiorum
1514 1076 1744 1123 acerbitas
1777 1089 1820 1124 et

417 1153 596 1198 saevitiae
624 1154 847 1198 atrocitas
867 1153 1074 1198 ‘fuissent
1096 1151 1449 1215 diutissimeque
1473 1152 1745 1212 durassent,
1771 1165 1822 1200 ut

416 1227 533 1273 nulli
557 1228 680 1273 sine¹
703 1229 807 1274 vitae
830 1245 922 1274 suae
946 1227 1175 1293 periculo,
1203 1232 1298 1277 sive
1323 1230 1475 1287 militi,
1497 1229 1591 1274 sive
1613 1229 1816 1292 plebeio,

416 1320 504 1350 nec
528 1303 667 1348 etiam
691 1303 777 1348 sub
808 1305 974 1366 quovis
996 1306 1124 1352 salvo
1145 1306 1387 1352 conductu
1407 1321 1647 1368 quoquam
1671 1315 1820 1350 trans-

416 1381 483 1426 ire
514 1380 730 1439 licuisset,
758 1382 913 1426 statim
942 1383 1188 1445 publicatis
1208 1384 1400 1445 treugis,
1429 1383 1682 1445 unicuique
1707 1399 1821 1444 quo-

417 1473 620 1518 cumque
656 1473 704 1502 se
736 1458 874 1504 vellet
906 1460 1150 1519 conferre,
1191 1462 1286 1507 sive
1327 1461 1374 1506 in
1411 1459 1600 1517 eadem,
1638 1459 1731 1504 sive
1772 1460 1817 1503 in

417 1534 598 1579 diversa
617 1533 908 1595 obedientia,
930 1538 1127 1583 transire
1143 1548 1283 1601 atque
1301 1536 1587 1601 peregrinari
1604 1552 1819 1581 securum

416 1620 462 1656 et
484 1610 688 1656 liberum
712 1611 814 1656 suit.
836 1614 888 1656 In
913 1611 985 1657 his
1007 1614 1240 1675 siquidem
1264 1625 1434 1675 treugae
1450 1613 1651 1658 exordiis
1666 1649 1677 1671 ,
1700 1612 1820 1658 adeo

417 1696 697 1732 cunctorum
733 1687 942 1743 animos,
972 1690 1112 1734 etiam
1141 1691 1221 1752 qui
1254 1690 1480 1753 proximis
1511 1698 1616 1733 ante
1652 1697 1822 1750 treugae

418 1763 583 1808 diebus
626 1764 1054 1826 promulgationem
1095 1767 1142 1810 in
1178 1767 1367 1811 efferata
1406 1765 1601 1811 humani
1642 1766 1822 1809 cruoris

418 1842 646 1887 effusione
667 1842 909 1887 dumtaxat
930 1843 1132 1903 gaudere
1155 1843 1454 1900 videbantur,
1481 1841 1696 1905 quaedam
1718 1842 1820 1887 dul-

419 1918 595 1963 cedinis
628 1919 755 1981 pacis
790 1919 1012 1964 delibatio
1052 1920 1340 1979 delectabat,
1382 1930 1452 1976 ut,
1500 1936 1592 1964 sure
1632 1919 1821 1963 feritatis

419 2004 557 2057 atque
588 1994 874 2040 crudelitatis
909 1995 1067 2055 obliti,
1099 2013 1206 2041 cum
1239 1996 1455 2042 hostibus
1480 1996 1654 2060 passim
1690 2012 1822 2057 aeque

418 2071 649 2128 cruentis,
680 2070 778 2116 dies
804 2070 964 2128 festos,
992 2073 1208 2119 convivia
1239 2083 1285 2118 et
1314 2072 1486 2117 choros
1515 2088 1624 2116 cum
1646 2072 1821 2134 ingenti

418 2147 572 2193 laetitia
605 2147 830 2193 ducerent
864 2159 1003 2211 atque
1037 2150 1344 2196 celebrarent.
1376 2154 1430 2196 Et
1469 2150 1659 2212 quidem
1691 2166 1823 2213 paene

419 2240 503 2286 per
534 2240 712 2269 annum
751 2224 840 2270 hac
875 2234 1014 2288 atque
1051 2226 1155 2272 illac
1185 2227 1346 2272 omnia
1381 2227 1426 2273 in
1459 2226 1588 2272 hunc
1624 2226 1820 2272 modum

419 2301 715 2362 quieverunt.

475 2443 508 2477 Ἰ.
534 2445 637 2478 Dans
658 2442 692 2478 le
715 2444 920 2480 manuscrit
938 2453 978 2479 {ct
997 2447 1092 2480 nulli
1111 2444 1175 2480 sub
1200 2445 1293 2489 vz'tae,
1315 2452 1387 2480 etc.
