2037 3442
682 257 823 292 LIBER
851 255 1064 292 TERTIUS.
1484 257 1559 291 105

167 334 334 380 furoris
361 335 487 381 rabie
513 336 763 383 irruerunt.
794 338 885 394 Qui
918 354 1026 383 cum
1051 336 1110 383 ad
1133 336 1265 382 illum
1290 352 1452 382 eorum
1488 336 1558 382 in—

166 420 400 472 speratum
419 421 558 474 atque
580 413 1018 476 impraemeditatum
1038 430 1285 459 occursum
1308 412 1558 458 vehemen-

166 498 235 532 ter
256 490 457 534 exterriti
482 501 656 546 essent,
681 508 765 537 nec
790 492 926 537 aliam
952 491 1275 537 defensionem
1301 491 1388 536 nisi
1412 489 1559 535 solam

166 565 321 626 fugam
350 578 670 629 opponerent,
710 569 833 613 velut
857 585 1027 631 pecora
1054 568 1301 613 occisionis
1324 567 1558 612 immanis-

165 640 280 685 sime
306 643 407 686 caesi
425 652 468 687 et
492 642 678 689 lacerati
703 655 825 689 sunt.
850 644 967 689 Villa
989 645 1033 688 in
1055 644 1186 704 cujus
1204 643 1322 703 agris
1343 659 1396 687 ea
1414 642 1560 687 caedes

166 717 369 764 nefanda
394 728 570 782 patrata
609 720 718 776 fuit,
747 721 885 782 vulgo
920 720 1180 783 appellatur
1206 718 1403 780 Viques¹
1428 735 1437 760 z
1462 734 1559 778 quo

166 793 271 838 loco
305 796 404 839 caesi
438 805 544 840 sunt
580 812 798 857 agrorum
829 797 1028 842 cultores
1059 811 1196 858 supra
1233 792 1357 838 mille
1393 802 1438 837 et.
1471 801 1559 837 tre-

166 872 304 916 centi.

232 951 344 1003 Quae
367 958 539 1010 strages
562 959 606 995 et
631 966 795 994 omnes
819 959 949 995 terrae
976 948 1153 994 incolas
1182 963 1353 1009 magno
1386 961 1560 1009 pavore

168 1025 349 1080 affecit,
377 1036 446 1084 et,
479 1036 522 1070 ut
558 1044 653 1072 non
680 1037 851 1072 temere
883 1036 963 1072 aut
985 1026 1149 1071 leviter
1183 1041 1230 1070 se
1255 1040 1341 1086 pro
1366 1022 1560 1084 quibus-

168 1119 259 1163 que
283 1102 463 1163 injuriis
488 1102 636 1147 ultum
661 1112 929 1165 pergerent,
962 1102 1192 1147 cautiores
1223 1099 1360 1145 reddi
1390 1099 1556 1159 coegit.

168 1180 283 1223 Cum
307 1187 462 1223 autem
487 1189 580 1224 tam
605 1179 841 1225 horrenda
865 1178 1001 1224 caedis
1025 1177 1213 1240 querela
1238 1177 1378 1222 totius
1403 1175 1562 1238 patriae

168 1254 397 1298 clamores
421 1254 481 1298 ad
505 1254 779 1300 lssetlifordiae
797 1253 965 1299 ducem
991 1253 1332 1316 pervenissent,
1356 1252 1438 1314 qui
1462 1261 1561 1296 tum

167 1329 320 1374 adhuc
338 1330 384 1373 in
398 1329 615 1376 humanis
632 1329 819 1392 agebat,
839 1329 1039 1392 querelis
1059 1330 1273 1375 omnium
1298 1328 1562 1391 provincia-

167 1404 281 1448 lium
321 1405 461 1449 simul
494 1416 538 1450 et
585 1406 689 1451 facti
727 1406 968 1452 atrocitate
1009 1415 1249 1469 permotus
1265 1442 1278 1461 ,
1320 1405 1560 1467 praefatum

170 1480 397 1527 lf'enables
417 1498 525 1527 cum
547 1482 636 1528 alio
658 1483 865 1545 quodam
884 1483 1132 1528 saevissimo
1153 1482 1372 1541 homine,
1393 1497 1564 1543 cogno-

167 1574 327 1610 mento
348 1568 371 1609 J
383 1566 612 1610 ‘uaterlzou
629 1569 661 1621 2,
684 1566 787 1628 capi
807 1575 845 1610 et
867 1564 926 1609 ad
945 1582 992 1610 se
1014 1564 1359 1624 Rothomagum
1380 1564 1563 1608 vinctos

168 1641 337 1686 adduci
358 1642 521 1703 jussit,
554 1643 637 1688 ubi
672 1660 778 1700 eos,
809 1660 895 1706 pro
923 1659 1007 1687 suo
1039 1642 1366 1687 cruentissimo
1391 1641 1562 1686 scelere

168 1717 440 1777 damnatos,
484 1735 564 1781 per
599 1719 772 1781 plateas
809 1718 1005 1764 civitatis
1037 1717 1095 1763 ad
1122 1717 1293 1763 caudas
1328 1734 1562 1780 equorum

168 1804 425 1856 pertractos
454 1794 682 1858 supplicio
718 1794 869 1839 affecit
884 1796 911 1838 ⁷³.
939 1794 1029 1840 Sed
1054 1810 1149 1839 non
1177 1803 1424 1857 propterea
1454 1810 1562 1856 pro-

169 1871 435 1916 vincialium
459 1872 756 1916 Normanniae
783 1872 949 1917 aniinis
974 1870 1187 1916 satisfieri
1211 1870 1438 1916 creditum
1465 1879 1557 1926 est,

168 1963 255 2008 pro
294 1947 476 1992 sceleris
518 1947 868 2009 magnitudine3
904 1964 990 1992 nee
1024 1956 1273 2010 propterea
1296 1947 1435 1992 etiam
1471 1962 1563 1991 ces-

169 2034 330 2069 sarunt
364 2025 496 2087 impii
523 2025 779 2086 Anglorum
803 2024 1046 2088 praedones
1071 2034 1211 2086 atque
1235 2023 1561 2069 immanissimi

170 2100 407 2146 carnifices
425 2101 472 2145 in
496 2101 620 2163 ipsos
646 2101 804 2146 saevire
834 2110 900 2161 et,
928 2110 979 2146 ut
1002 2100 1061 2146 ad
1084 2099 1378 2146 manifestam
1414 2115 1561 2162 usque

221 2249 257 2283 t.
283 2247 458 2297 Yicque5‚
481 2247 725 2295 aujourd'hui
747 2247 838 2284 dans
856 2247 1202 2285 l'arrondissement
1226 2247 1272 2284 de
1292 2247 1437 2284 Falaise
1458 2246 1562 2295 (Cal-

170 2306 314 2352 vados).

221 2368 260 2405 ⁶2.
282 2365 498 2403 Waterhoo.

223 2428 260 2462 3.
291 2442 304 2457 α
329 2425 436 2461 Ledit
454 2425 641 2463 Venables
663 2427 715 2463 sut
740 2426 871 2477 depuis
891 2424 994 2476 prins
1016 2440 1083 2476 par
1103 2427 1157 2464 les
1186 2426 1343 2477 Anglois
1363 2439 1562 2463 eux-mes-

168 2498 261 2531 mes,
281 2485 442 2534 lesquelz
457 2498 554 2535 pour
568 2486 769 2523 anciennes
789 2485 1091 2523 desobcissances
1110 2487 1199 2536 qu’il
1218 2486 1319 2523 avoit
1338 2486 1479 2530 faictes‚
1498 2486 1563 2535 luy

168 2544 279 2581 firent
302 2558 416 2594 coper
440 2544 474 2580 la
504 2553 596 2581 teste
629 2560 635 2581 :
662 2559 703 2582 ce
726 2545 790 2595 qui
825 2545 950 2582 arriva
976 2546 1289 2596 principalement
1322 2559 1391 2596 par
1422 2558 1560 2594 envye‚

169 2616 266 2653 pour
285 2617 326 2640 ce
342 2603 456 2654 qu’ilz
476 2604 511 2640 10
534 2605 696 2655 veoyent
715 2614 825 2656 grant
845 2614 1117 2656 entrepreneur
1135 2619 1181 2642 en
1199 2605 1235 2642 la
1251 2604 1448 2642 conduicte
1468 2603 1514 2641 de
1527 2604 1564 2641 la

168 2675 318 2713 guerre.
347 2680 363 2695 »
390 2664 504 2709 (Jean
528 2664 709 2710 Chat-tier,
726 2663 818 2700 dans
838 2663 1047 2713 Godehov,
1061 2678 1098 2714 p.
1119 2665 1200 2711 68.)
1220 2663 1270 2701 Ici
1294 2663 1328 2701 la
1347 2663 1496 2702 version
1516 2662 1563 2700 dc

169 2722 281 2759 Basin
297 2731 352 2760 est
370 2722 640 2761 cei-tainement
651 2723 875 2774 preferable.
