2037 3442
406 330 452 363 ’Μ
782 325 1119 362 HISTORIARUM
1146 326 1324 361 CAROLI
1351 328 1419 361 VII

404 407 700 471 praesentium
718 406 932 451 felicitate
956 406 1002 450 in
1027 422 1158 468 spem
1181 406 1415 469 potiorem
1433 409 1595 465 erecti,
1613 411 1800 471 praefata

404 481 560 527 Puella
578 492 622 526 et
640 481 812 526 comite
831 481 1041 525 Dunensi
1062 481 1397 545 principalibus
1419 499 1584 528 eorum
1603 483 1800 530 ducibus

400 568 444 604 et
467 557 774 602 nihilominus
803 557 902 602 aliis
928 557 1131 603 militum
1163 560 1299 621 regiis
1331 561 1583 623 capitaneis
1619 560 1796 618 multis,

400 634 592 679 eosdem
625 634 797 695 AngIos
831 635 1047 697 persequi
1081 644 1125 680 et
1157 635 1217 680 ad
1246 635 1619 682 internecionem
1654 654 1801 699 usque

400 710 580 769 delere,
621 711 657 756 si
691 720 896 773 potestas
927 711 1136 769 daretur,
1163 712 1211 756 in
1252 713 1461 757 animum
1493 714 1794 760 induxerunt.

400 788 655 850 Anglorum
687 789 813 834 enim
848 788 946 834 fore
981 789 1119 834 simul
1143 799 1187 834 et
1216 789 1409 835 recidivi
1439 791 1700 853 periculum
1735 792 1799 838 eis

399 865 644 911 imminere
663 865 1086 927 vicleIJatu1²75ijam
1105 865 1164 911 ab
1182 867 1246 911 eis
1265 866 1475 912 devictos
1490 867 1799 930 fugitivosque

400 952 445 987 et
469 959 521 988 ex
548 943 694 988 nimio
714 959 889 1006 pavore
916 959 1046 1006 paene
1070 959 1327 1005 exsangues
1355 946 1542 1005 totque¹
1566 945 1800 991 exanimes

398 1018 613 1077 effectos,
658 1037 742 1083 per
779 1019 855 1065 illa
887 1019 978 1064 lata
1013 1028 1058 1065 et
1093 1020 1297 1082 spatiosa
1333 1021 1610 1083 campestria
1641 1021 1802 1067 Belciae

399 1095 543 1141 libere
567 1096 695 1141 abire
721 1106 765 1141 et
797 1097 843 1141 in
878 1112 961 1142 sua
994 1113 1041 1142 se
1077 1106 1173 1141 tuta
1203 1096 1417 1159 profugia
1441 1098 1648 1161 recipere
1672 1097 1801 1158 igna-

398 1174 516 1219 viter
554 1175 889 1238 permisissent.
937 1178 1027 1220 Eos
1068 1175 1224 1236 itaque
1261 1175 1458 1220 insecuti
1504 1185 1549 1221 et
1587 1176 1634 1220 in
1672 1185 1801 1223 vasta

399 1251 590 1314 planitie
625 1253 936 1306 invenientes,
967 1268 1116 1315 prope
1138 1251 1297 1297 villam
1330 1269 1432 1315 quae
1462 1253 1600 1314 vulgo
1636 1255 1802 1298 Ραωῑῖε2

397 1327 672 1390 appellatur,
694 1345 804 1373 cum
827 1328 1003 1374 eisdem
1027 1329 1287 1391 congressi,
1313 1328 1443 1374 nullo
1463 1346 1594 1392 paene
1611 1330 1799 1390 negotio

396 1415 701 1467 superarunt,
742 1405 956 1468 pluribus
988 1406 1112 1451 caesis
1148 1407 1410 1469 captisque,
1446 1407 1546 1452 aliis
1570 1423 1683 1452 vero
1718 1423 1801 1469 per

397 1481 552 1543 fugam
589 1480 770 1544 elapsis.
814 1484 987 1545 Captus
1025 1481 1090 1526 ibi
1128 1482 1213 1527 fuit
1251 1481 1473 1527 dominus
1513 1483 1571 1528 de
1614 1482 1796 1541 Tama,

396 1573 554 1602 comes
586 1557 644 1602 de
679 1557 976 1615 Cloerosberi,
1010 1574 1118 1603 cum
1156 1558 1254 1604 aliis
1287 1558 1512 1604 militibus
1545 1559 1801 1621 Anglorum

397 1634 570 1679 multis.
588 1635 740 1680 Evasit
754 1651 863 1680 vero
879 1635 1129 1698 perfugam
1144 1634 1365 1681 dominus
1376 1639 1579 1681 Joannes
1593 1637 1796 1692 Fascoffi,

398 1712 528 1756 miles
557 1712 797 1774 Anghcus,
823 1713 936 1758 certi
966 1714 1153 1758 numeri
1182 1713 1269 1758 sub
1300 1730 1348 1759 se
1372 1713 1593 1759 ducatum
1629 1713 1801 1758 militiae

395 1788 597 1847 habens3
614 1789 744 1851 quod
761 1789 848 1835 sibi
864 1790 990 1853 apud
1014 1789 1228 1852 Anglicos
1250 1789 1449 1835 infamiae
1469 1800 1608 1851 atque
1627 1806 1800 1852 oppro-

395 1866 500 1912 brio
523 1883 619 1912 non
641 1867 797 1929 parvis
822 1866 985 1912 datum
1011 1866 1134 1911 fuit&

851 2033 1190 2076 CAPITULUM
1224 2034 1342 2076 XIII.

396 2149 586 2191 Quomodo
601 2151 745 2184 Carolus
761 2150 924 2184 inunctus
936 2150 1000 2183 fuit
1015 2150 1050 2183 in
1064 2163 1179 2196 regem
1189 2151 1405 2184 Francorum
1417 2150 1451 2182 in
1464 2149 1600 2183 civitate
1614 2150 1774 2183 Remensi
1789 2165 1796 2192 ;

657 2218 690 2243 ct
706 2209 748 2243 de
765 2210 895 2243 insultu
913 2209 958 2243 ad
977 2210 1101 2243 urbem
1116 2210 1339 2243 parisiensem
1353 2217 1534 2243 attentato.

458 2317 538 2361 His
561 2317 718 2378 itaque
748 2325 842 2361 tam
880 2315 1071 2361 feliciter
1104 2316 1290 2360 Francis
1317 2313 1724 2379 provenientibus,
1755 2324 1800 2360 et

395 2393 442 2438 in
464 2403 559 2438 tam
581 2392 817 2438 diversum
840 2392 1115 2456 permutatis
1139 2391 1278 2438 rebus
1311 2409 1366 2438 ex
1397 2391 1733 2439 adversissimis
1754 2401 1799 2436 et

448 2502 464 2535 1
478 2528 485 2535 .
517 2500 622 2537 Lisez
641 2508 752 2549 atque
770 2514 818 2538 au
835 2501 912 2538 lieu
927 2500 973 2538 de
992 2510 1127 2549 totque.

447 2560 485 2597 2.
517 2562 549 2595 A
568 2562 706 2608 Palas,
725 2573 771 2597 en
791 2563 952 2606 Beauoe,
974 2560 1009 2597 le
1028 2561 1075 2596 18
1090 2558 1172 2606 juin
1193 2560 1308 2595 1429.

450 2619 486 2654 3.
518 2617 617 2653 John
635 2619 806 2657 Falstosf.

448 2678 486 2714 4.
517 2675 608 2711 Voir
631 2675 666 2713 Ie
688 2678 779 2713 recit
808 2678 854 2714 de
886 2677 1044 2715 Wavrin
1069 2678 1119 2714 du
1147 2676 1314 2714 Forestel
1347 2684 1383 2713 et
1415 2675 1451 2712 Ia
1477 2673 1718 2722 justification
1749 2672 1795 2709 de

393 2734 562 2779 FaIstosf‚
585 2742 610 2770 t.
631 2737 696 2780 lv,
719 2749 758 2784 p.
775 2738 866 2780 405,
890 2736 955 2773 des
976 2738 1108 2773 Proce's
1128 2739 1175 2772 cle
1194 2736 1474 2773 condamnation
1494 2743 1530 2770 et
1551 2735 1598 2769 de
1614 2731 1795 2769 re‘lzabilt‘-

395 2797 511 2829 ration
532 2794 579 2828 de
598 2795 741 2829 Jeamze
763 2796 800 2828 la
821 2796 984 2829 l’ucelle.
