2037 3442
677 256 817 290 LIBER
846 254 1058 289 TERTIUS.
1500 249 1571 284 *143

182 338 428 383 l'issiacum
453 337 704 382 advolavit.
731 335 895 392 Unde,
921 351 1003 398 per
1029 334 1228 397 spatium
1255 333 1408 376 minus
1433 347 1574 392 quam

180 414 305 460 horae
332 416 492 472 unius,
536 431 614 457 rex
655 430 678 459 a
719 412 960 458 nonnullis
995 412 1176 457 viarum
1201 408 1574 472 exploratoribus

181 492 350 535 certior
381 490 439 534 de
466 489 718 550 Anglorum
744 489 949 538 adventu
981 488 1153 544 factus,
1185 486 1243 531 ad
1279 485 1470 530 alteram
1494 486 1574 529 Sc-

180 582 343 626 quanae
367 567 517 628 ripam
548 565 641 627 jam
683 565 949 619 transierat,
988 579 1136 625 prope
1167 561 1246 606 ubi
1270 560 1419 605 amnis
1446 563 1575 605 Isarae

181 642 406 702 Sequanae
442 641 624 699 influit,
659 641 765 697 scd,
803 640 985 684 volente
1018 641 1118 682 Deo
1159 637 1262 699 qui,
1303 652 1407 680 cum
1444 635 1571 692 vult,

180 716 371 778 dissipat
407 717 709 778 cogitationes
735 716 1022 780 populorum
1057 723 1101 759 et
1130 711 1351 775 reprobat
1381 711 1575 755 consilia

180 793 446 855 principum
464 830 474 850 ,
504 810 589 837 nec
622 793 790 837 ducem
821 791 1015 836 Eboraci
1049 806 1135 834 nec
1162 803 1355 833 suorum
1380 786 1496 832 ullas
1523 787 1576 831 il-

180 866 238 912 lic
263 868 495 913 custodias
519 868 730 923 offendit,
760 877 805 912 et
829 867 886 912 ad
905 875 1109 911 castrum
1129 861 1459 916 Confluentis¹,
1480 878 1575 905 non

182 943 239 988 al)
265 945 374 989 inde
395 945 593 990 multum
616 954 865 999 remotum,
894 952 1045 988 tutum
1077 939 1394 996 domicilium,
1425 954 1472 982 se
1508 954 1578 983 re-

181 1021 318 1082 cepit.
347 1020 599 1065 Dicebatur
624 1021 748 1065 enim
776 1029 868 1064 tam
900 1018 1143 1081 parvulam
1167 1014 1392 1077 temporis
1416 1030 1576 1058 moru-

182 1096 273 1142 lam
294 1098 586 1160 praeteriisse,
622 1097 748 1160 quod
781 1114 857 1141 rex
885 1113 909 1141 e
935 1094 1078 1139 cubili
1106 1094 1328 1139 excitatus
1352 1091 1577 1136 discesse-

182 1183 277 1228 rat,
310 1190 419 1218 cum
458 1174 629 1235 Anglici
663 1173 843 1218 Pissiaci
884 1170 1221 1215 monasterium
1255 1168 1573 1225 intraverunt,

182 1249 310 1310 quod
325 1249 479 1294 adhuc
498 1250 663 1295 cubilis
691 1249 759 1295 sui
780 1247 1050 1293 linteamina
1066 1245 1262 1292 calentia
1278 1245 1572 1303 invenerunt,

183 1335 275 1369 tam
304 1342 465 1369 recens
496 1336 591 1371 erat
617 1325 745 1387 quod
774 1342 852 1370 rex
877 1341 930 1369 ex
961 1340 1046 1368 suo
1074 1322 1193 1368 lecto
1229 1320 1578 1384 expergefactus

182 1399 438 1445 exsiliisset.

248 1478 467 1537 Regresso
501 1476 639 1538 igitur
678 1478 723 1521 in
750 1475 1087 1520 Normanniam
1116 1489 1224 1518 cum
1254 1472 1574 1529 festinatione,

183 1561 232 1597 ut
265 1552 488 1609 diximus,
527 1553 648 1598 duce
686 1553 881 1597 Eboraci
917 1567 1024 1595 cum
1065 1566 1149 1595 suo
1182 1548 1416 1605 exercitu,
1457 1548 1578 1594 same

183 1629 491 1691 plurimisque
516 1629 682 1674 inediis
706 1628 922 1674 confecto
938 1664 948 1684 ,
971 1643 1066 1685 reX,
1087 1626 1168 1688 qui
1191 1642 1289 1670 non
1314 1625 1479 1687 procul
1494 1624 1578 1669 ab·

182 1714 303 1763 erat,
328 1705 387 1751 ad
410 1722 540 1751 suam
566 1707 816 1750 Pontisarae
851 1704 1149 1750 obsidionem
1181 1701 1305 1746 illico
1333 1701 1572 1746 remeavit.

182 1781 272 1826 Sed
314 1798 424 1826 cum
456 1792 500 1827 et
523 1783 620 1845 ipse
650 1791 691 1826 et
718 1782 787 1826 sui
822 1781 988 1825 milites
1015 1794 1212 1825 annonae
1252 1776 1577 1822 difficultatem

182 1873 279 1902 non
304 1874 497 1921 parvam
520 1867 814 1921 paterentur,
839 1865 1029 1919 propter
1056 1855 1306 1917 adjacentis
1326 1854 1577 1916 provinciae

184 1934 444 1979 vastitatem
475 1950 529 1979 ac
564 1933 905 1988 desertionem,
942 1948 1086 1994 prope
1126 1930 1209 1975 fuit
1244 1940 1322 1986 ut,
1362 1928 1575 1974 inefficax

183 2009 368 2068 abiens,
395 2027 526 2056 suam
552 2010 750 2055 solveret
774 2009 1085 2054 obsidionem.
1110 2010 1444 2053 Verumtamen
1468 2023 1574 2051 cum

184 2087 277 2132 suis
302 2086 498 2131 ducibus
522 2085 682 2131 habita
705 2102 844 2149 super
860 2085 952 2130 1100
971 2084 1330 2138 deliberatione,
1363 2083 1577 2127 omnium

184 2164 230 2208 in
258 2163 349 2208 hoc
373 2163 604 2208 sententia
627 2162 798 2208 resedit
821 2161 973 2224 quod,
1001 2161 1277 2225 priusquam
1304 2159 1354 2204 id
1377 2159 1574 2216 faceret,

184 2240 293 2285 totis
316 2239 492 2284 viribus
517 2238 746 2302 oppidum
772 2237 1097 2300 aggrederetur
1120 2252 1404 2300 expugnare,
1431 2251 1513 2293 ne,
1541 2236 1579 2280 si

183 2316 276 2361 hoc
307 2316 498 2361 minime
529 2325 755 2361 attentato
778 2314 1061 2371 discederet,
1094 2313 1347 2375 inglorium
1370 2312 1508 2357 nimis
1534 2322 1580 2358 et

185 2392 463 2437 indecorum
497 2391 583 2437 sibi
616 2400 908 2455 reputaretur
941 2391 986 2435 in
1026 2399 1266 2453 posterum
1299 2407 1308 2433 :
1336 2404 1421 2452 per
1449 2388 1578 2450 quod

184 2468 458 2513 animositas
485 2468 636 2530 major
676 2477 721 2513 et
755 2467 948 2513 audacia
977 2466 1193 2511 hostibus
1223 2466 1316 2511 suis
1352 2465 1577 2511 verisimi-

184 2544 286 2590 liter
308 2554 603 2590 accresceret.

238 2718 251 2751 1
269 2744 275 2750 .
306 2713 859 2761 Conflans-Sainte-Honorine,
878 2714 965 2763 pres
985 2712 1030 2750 de
1050 2711 1338 2750 l'embouchure
1357 2711 1404 2748 de
1422 2711 1548 2750 l’Oise.
