2037 3442
758 270 901 305 LIBER
928 270 1143 308 TERTIUS.
1581 270 1653 305 117

262 352 479 396 aerumnis
516 351 716 410 afflictae,
756 352 848 396 ulla
882 350 1202 396 subventionis
1237 349 1399 394 solatia
1422 349 1653 396 ministra-

261 427 357 473 bat.
390 427 523 472 Unde
548 428 765 473 effectum
790 437 858 473 est
893 437 944 472 ut
978 427 1109 472 brevi
1134 436 1345 488 tempore
1376 425 1453 471 illa
1483 425 1654 471 nobilis

261 503 503 566 quondam
543 505 716 566 patria,
749 503 934 567 populis
968 513 1106 565 atque
1148 502 1318 547 divitiis
1347 502 1653 548 abundantis—

260 581 400 636 sima,
436 580 483 625 in
508 580 696 625 totalem
723 581 980 625 vastitatem
1015 589 1152 640 atque
1189 579 1529 624 desolationem
1564 578 1654 624 de—

260 656 550 714 volveretur,
580 656 764 701 incultis
804 666 848 701 et
880 655 1100 718 squalidis
1128 655 1296 700 relictis
1319 654 1541 699 omnibus
1569 654 1656 700 illis

260 733 529 778 vastissimis
554 734 689 795 agris.
718 737 878 778 Fames
908 733 1032 777 enim
1061 742 1188 777 tanta
1218 741 1263 776 et
1290 741 1383 776 tarn
1406 730 1581 789 valida,
1610 741 1654 776 et

259 825 367 854 cum
416 826 467 855 ea
511 811 730 873 pestifera
764 810 862 854 lues
900 810 947 853 in
986 808 1073 853 illis
1105 808 1344 871 potissime
1380 806 1552 851 finibus
1583 824 1654 854 se·

259 895 376 930 cutte
407 896 539 943 sunt,
569 896 617 931 ut
647 886 763 931 ultra
796 886 997 930 ducenta
1029 884 1172 929 millia
1207 884 1471 929 animarum
1497 882 1649 943 ferro,

261 961 381 1007 same
402 973 445 1008 et
470 962 575 1008 tabe
601 963 847 1024 absumpta
874 961 1004 1006 brevi
1035 961 1256 1023 temporis
1280 958 1522 1004 intervallo
1541 960 1654 1004 aesti-

260 1039 376 1083 mari
408 1040 662 1101 potuerint.
699 1038 829 1083 Multi
851 1054 962 1082 vero
996 1036 1056 1082 ad
1084 1036 1287 1082 diversas
1311 1046 1454 1081 terras
1486 1037 1533 1080 in
1558 1036 1652 1080 dis-

258 1114 527 1177 persionem
568 1114 814 1170 abierunt,
845 1128 1046 1174 quorum
1082 1112 1250 1174 plures,
1295 1129 1402 1157 cuin
1444 1113 1561 1157 freto
1603 1129 1653 1157 se

261 1190 605 1236 committerent
638 1201 711 1246 ut,
741 1190 810 1235 vel
846 1190 893 1234 in
924 1189 1208 1234 Britanniam
1232 1189 1545 1247 Armoricarn,
1578 1189 1653 1234 vel

258 1268 305 1311 in
341 1267 556 1327 Angliaui
591 1267 860 1325 transvecti,
892 1265 1121 1311 infelicem
1156 1266 1330 1310 victum
1364 1266 1573 1311 servituti
1604 1282 1652 1311 se

257 1342 526 1389 addicendo
556 1345 820 1391 invenirent
841 1380 851 1403 ‚
877 1343 950 1388 vel
976 1342 1184 1405 absorpti
1210 1352 1318 1387 sunt
1340 1343 1459 1387 inter
1485 1342 1651 1388 fluctus

257 1419 490 1477 marinos,
528 1420 600 1466 vel
643 1438 696 1466 ex
732 1419 947 1481 contagio
980 1418 1216 1463 sociorum
1242 1434 1360 1479 quos
1388 1419 1484 1480 jam
1512 1418 1652 1481 pestis

259 1497 500 1554 infecerat,
532 1498 712 1543 animas
748 1496 989 1559 ponebant
1016 1496 1168 1540 statim
1201 1512 1307 1540 cum
1332 1497 1474 1558 petita
1495 1495 1651 1540 littora

255 1574 527 1634 attigissent.
568 1578 634 1620 lta
670 1574 863 1618 miseros
900 1572 1001 1618 illos
1033 1572 1258 1635 populos,
1287 1588 1383 1617 non
1419 1572 1573 1618 solum
1602 1573 1649 1617 in

255 1652 398 1696 natali
422 1651 547 1709 solo,
572 1651 651 1696 sed
675 1661 719 1696 et
741 1665 1040 1713 quocumque
1064 1665 1111 1694 se
1128 1649 1340 1694 conferre
1364 1658 1646 1711 satagerent,

254 1727 405 1773 luctus
432 1738 476 1773 et
498 1729 702 1773 lamenta
727 1727 1059 1789 sequebantur.

319 1805 580 1851 Miserabile
605 1815 703 1851 erat
726 1815 839 1850 tunc
864 1805 1021 1850 videre
1057 1807 1290 1867 egentium
1329 1816 1374 1851 et
1406 1806 1650 1853 mendico-

256 1899 361 1927 rum
385 1883 627 1945 utriusque
663 1899 799 1927 sexus
823 1892 1029 1927 catervas
1053 1892 1098 1927 et
1121 1882 1334 1927 cumulos
1369 1899 1452 1945 per
1475 1883 1651 1945 plateas

254 1969 297 2005 et
336 1960 582 2023 hospitalia
614 1961 741 2006 urbis
770 1960 1176 2021 Rothomagensis⁷
1204 1970 1249 2005 et
1273 1960 1561 2022 singularum
1587 1962 1648 2006 ci-

257 2036 452 2081 vitatum
478 2047 522 2081 et
550 2036 838 2099 oppidorum
875 2037 1013 2082 totius
1036 2039 1354 2096 Normaniiiae,
1391 2037 1561 2100 quibus
1586 2037 1651 2100 pii

255 2112 377 2156 cives
405 2122 450 2156 et
472 2112 691 2170 humani,
735 2130 821 2176 pro
858 2113 1086 2158 concessis
1123 2113 1210 2158 sibi
1246 2113 1569 2169 facultatibus,
1605 2123 1654 2158 ut

257 2187 420 2233 melius
444 2199 687 2251 poterant,
717 2189 967 2236 studebant
988 2189 1264 2249 subvenire,
1298 2200 1396 2235 tum
1422 2207 1531 2235 cum
1556 2190 1651 2234 fru-

253 2265 398 2310 menti
423 2266 619 2328 penuria
647 2276 689 2312 et
715 2282 913 2312 annonae
936 2267 1143 2325 caristia,
1169 2266 1231 2312 ob
1257 2267 1407 2311 cultus
1431 2282 1651 2326 agrorum

255 2341 569 2387 desertionem
590 2380 600 2401 ⁷
628 2343 841 2388 maximae
861 2352 1034 2398 essent,
1063 2344 1125 2389 ita
1147 2354 1198 2389 ut
1222 2343 1315 2388 suis
1343 2343 1546 2406 propriis
1569 2359 1650 2388 ne-

252 2419 547 2464 cessitatibus
583 2419 851 2465 evincendis
874 2420 1024 2481 major
1045 2436 1152 2482 pars
1181 2421 1257 2464 vix
1283 2419 1529 2464 sufficeret.
1561 2420 1651 2475 Qui

265 2495 633 2541 abundantiores
660 2496 827 2559 opibus
859 2505 1013 2554 erant,
1048 2505 1184 2541 tantae
1209 2495 1537 2541 mendicorum
1560 2512 1651 2540 nu-

261 2574 515 2619 merositati
555 2575 747 2620 minime
786 2574 1093 2620 sufficiebant.
1124 2574 1399 2620 Caedebatur
1436 2575 1562 2620 enim
1606 2583 1651 2619 et

258 2651 524 2711 gravissime
548 2651 839 2713 affligebatur
858 2661 953 2697 tota
972 2652 1100 2714 regio
1124 2653 1260 2697 simul
1285 2652 1433 2697 tribus
1458 2651 1545 2696 illis
1564 2651 1652 2697 vir-

249 2727 315 2789 gis
333 2744 413 2774 seu
439 2728 629 2790 flagellis
651 2729 1043 2791 divinaejustitiae,
1069 2745 1256 2791 guerra,
1284 2729 1403 2776 same
1429 2739 1472 2776 et
1493 2738 1646 2793 peste,
