2037 3442
407 329 481 363 202
785 326 1124 362 HISTORIARUM
1152 327 1330 362 CAROLI
1358 329 1426 362 VII

405 409 633 454 horarum
650 407 879 470 spatium,
906 406 1063 469 plures
1089 406 1149 451 ad
1170 422 1279 451 eum
1302 406 1442 468 hujus
1465 406 1531 451 rei
1554 408 1706 452 nuntii
1731 425 1807 453 ve-

408 484 636 546 nerunt),
663 500 718 529 ex
746 484 966 530 moestitia
1005 500 1136 547 paene
1169 499 1330 530 versus
1365 493 1433 529 est
1460 484 1508 529 in
1536 485 1808 533 amentiam.

408 565 518 607 Erat
536 560 693 606 adhuc
717 561 826 606 satis
848 576 1015 618 mane,
1043 569 1158 623 puto
1188 560 1307 606 hora
1333 561 1465 623 quasi
1487 562 1685 624 septima
1707 570 1813 606 ante

407 638 672 684 meridiem.
702 637 838 683 Unde
858 638 1002 684 veluti
1025 655 1082 684 ex
1104 647 1237 701 parte
1265 637 1466 683 furiosus
1490 648 1571 684 aut
1592 640 1810 699 insanus,

409 716 468 762 ad
494 732 603 762 suos
622 714 919 774 excitandos,
941 715 1022 777 qui
1041 714 1258 760 nondum
1278 731 1303 760 e
1322 715 1416 760 suis
1433 716 1585 762 stratis
1607 732 1816 762 surrexe-

409 804 539 851 rant,
566 810 651 857 per
683 801 886 839 castrum
911 791 1290 854 Rothomagense
1321 791 1610 852 discurrens,
1637 794 1816 839 clama—

410 871 492 916 bat
515 886 903 933 unumquemque
927 869 1216 933 compellans
1231 873 1258 914 ¹.
1280 870 1492 915 Mittebat
1515 880 1558 915 et
1589 886 1673 934 per
1703 871 1816 916 civi-

412 957 557 994 tatem
581 947 642 993 ad
673 947 857 992 diversa
880 947 1014 1006 loca,
1042 945 1103 991 ad
1127 945 1300 1008 Anglos
1323 946 1546 992 militares
1581 946 1818 1008 cogendos

413 1034 458 1070 et
483 1024 542 1071 ad
567 1023 797 1086 quasdam
822 1022 1085 1083 naviculas,
1115 1038 1216 1085 quae
1241 1022 1287 1067 in
1311 1032 1451 1086 portu
1474 1022 1720 1085 jacebant,
1747 1039 1819 1068 ar-

412 1101 610 1146 mandas
642 1110 783 1163 atque
820 1099 1104 1146 muniendas
1128 1137 1138 1160 ,
1163 1116 1355 1163 sperans
1379 1099 1534 1146 adhuc
1560 1099 1819 1146 remedium

413 1174 607 1237 aliquod
636 1174 949 1235 defensionis,
975 1190 1072 1236 quo
1097 1173 1256 1219 hostes
1279 1173 1460 1237 oppido
1486 1173 1559 1219 vel
1585 1190 1689 1219 arce
1713 1173 1822 1237 pel—

413 1249 646 1306 lerentur,
679 1265 817 1311 posse
861 1248 1057 1311 apponi.
1088 1251 1210 1293 Nam'
1230 1246 1495 1293 referebant
1521 1246 1740 1300 nonnulli
1766 1262 1821 1291 ex

414 1321 468 1366 iis
487 1323 567 1384 qui
592 1321 703 1367 inde
722 1322 1026 1384 aufugerant,
1049 1331 1261 1385 tempore
1278 1322 1349 1366 sui
1373 1321 1626 1379 discessus,
1654 1319 1824 1365 vidisse

416 1398 573 1443 adhuc
594 1398 831 1460 quosdam
852 1415 908 1444 ex
935 1398 1136 1459 Anglicis
1158 1398 1337 1460 aliquas
1360 1408 1513 1444 turres
1544 1407 1727 1456 tenere,
1754 1405 1824 1442 at-

416 1492 508 1538 que
526 1475 777 1521 adversum
794 1475 953 1521 hostes
971 1475 1239 1521 defendere.
1262 1475 1353 1520 Sed
1368 1492 1478 1521 cuin
1497 1473 1821 1538 postmodum,

417 1552 550 1598 brevi
584 1552 772 1598 morula
807 1562 1068 1610 transacta,
1103 1553 1163 1598 ad
1192 1562 1373 1599 certum
1406 1553 1675 1598 nuntiatum
1709 1560 1826 1597 esset

420 1636 567 1673 totam
591 1627 683 1673 loci
718 1628 1035 1673 munitionem
1055 1627 1115 1673 ab
1140 1627 1356 1674 hostibus
1385 1636 1663 1690 occupatam
1693 1625 1792 1670 sore
1809 1661 1820 1683 ,

475 1806 513 1839 ’1.
544 1801 690 1839 Robert
708 1801 866 1839 Blondel
886 1801 1012 1849 ajoute
1036 1816 1084 1839 au
1104 1802 1256 1840 tableau
1279 1803 1326 1840 de
1346 1802 1383 1840 la
1403 1803 1527 1840 colere
1547 1802 1598 1839 du
1615 1802 1710 1839 mari
1729 1801 1827 1838 celui

421 1864 470 1901 du
492 1862 686 1913 desespoir
707 1862 753 1900 de
773 1875 811 1898 sa
832 1862 971 1899 femme
991 1876 997 1897 :
1025 1880 1040 1895 ιι
1057 1863 1168 1899 Calor
1195 1862 1427 1899 incredibilis
1452 1871 1488 1899 et
1512 1876 1653 1899 moeror
1670 1862 1822 1900 inaudi—

422 1932 501 1969 tus,
540 1931 650 1960 tantae
683 1921 737 1958 rei
765 1922 955 1968 novitate,
1003 1921 1190 1958 ducissam
1227 1930 1264 1959 et
1298 1922 1518 1959 universam
1545 1922 1726 1958 familiam
1755 1934 1827 1971 ops

422 1982 570 2032 pressit.
600 1984 689 2017 Haec
719 1981 790 2016 tori
822 1980 927 2016 ducis
953 1993 1107 2017 consors
1127 1980 1251 2017 adhuc
1272 1981 1371 2017 lecto
1396 1980 1582 2018 accubans
1597 2009 1606 2026 ‚
1626 1980 1730 2016 velut
1752 1980 1828 2016 fre-—

422 2041 503 2078 nesi
535 2048 685 2089 arrepta
708 2047 744 2076 et
764 2038 983 2076 matronalis
1002 2039 1164 2089 pudoris·
1182 2039 1297 2075 oblita
1314 2070 1321 2084 ‚
1336 2039 1438 2075 nuda
1452 2039 1491 2075 in
1505 2038 1672 2083 camisia,
1687 2037 1830 2088 absque

423 2108 565 2137 secreta
603 2099 751 2146 tunica,
788 2112 809 2135 a
834 2098 950 2135 cubili
977 2098 1160 2149 prosiliit,
1186 2107 1222 2134 et
1241 2098 1354 2135 anxio
1374 2098 1506 2135 dolore
1526 2106 1737 2144 commota,
1761 2111 1829 2134 ex-

423 2159 559 2196 clamat
587 2174 594 2195 :
631 2176 649 2193 «
668 2159 789 2205 Hujus
820 2158 978 2195 ducatus
1016 2159 1142 2195 omnia
1173 2171 1345 2209 possessa
1375 2157 1456 2194 haec
1485 2170 1698 2194 aerunmosa
1732 2156 1831 2193 villae

427 2236 444 2252 n
467 2219 591 2268 captio
626 2218 665 2254 in
695 2218 950 2254 miserandam
982 2218 1258 2268 perditionem,
1295 2225 1450 2265 cuncta,
1479 2230 1555 2252 non
1591 2223 1828 2266 exspectata,

428 2296 444 2310 κ
468 2277 612 2314 trahet!
637 2296 650 2309 »
677 2279 726 2313 At
754 2290 972 2327 quanquam
1001 2277 1162 2314 adversa
1193 2284 1316 2322 sorte,
1348 2288 1426 2312 non
1453 2275 1692 2312 mediocriter
1717 2274 1832 2312 Gallis

424 2336 579 2384 infesta,
607 2337 854 2383 cruciaretur,
884 2345 1008 2373 tamen
1039 2350 1129 2387 erga
1146 2336 1366 2387 magistrum
1384 2334 1596 2371 Johannem
1617 2335 1830 2383 Trsfeigne,

424 2395 614 2432 medicum
643 2395 819 2443 Gallum,
845 2404 934 2432 tunc
970 2397 1067 2432 lianc
1096 2397 1134 2433 in
1172 2396 1338 2433 thalamo
1368 2395 1579 2431 visitantem
1596 2425 1604 2440 ,
1641 2393 1832 2444 egregiam

426 2454 580 2491 retinuit
619 2455 811 2504 pietatem.
853 2457 941 2491 Haec
981 2455 1156 2492 maritum
1188 2467 1419 2505 cognoscens
1444 2453 1613 2491 adversis
1634 2453 1830 2498 insanum,

428 2513 457 2549 si
495 2527 652 2563 usquam
679 2514 769 2550 huic
803 2515 899 2551 forte
940 2522 1179 2562 occurreret,
1214 2513 1403 2551 medicum
1444 2512 1649 2550 crudeliter
1676 2520 1833 2549 necatu-

427 2585 510 2608 rum
533 2604 541 2620 ‚
564 2573 813 2623 quamobrem
848 2575 946 2611 inter
976 2574 1139 2611 cortinas
1161 2574 1233 2610 tori
1256 2573 1422 2619 latitare,
1448 2581 1488 2609 ut
1518 2572 1629 2609 saluti
1659 2571 1833 2609 consule-

429 2639 506 2675 ret,
544 2640 580 2667 et
610 2632 790 2669 abscondi
836 2634 963 2681 jussit,
1013 2634 1133 2670 donec
1177 2632 1404 2669 furibundus
1434 2632 1573 2679 conjux
1600 2631 1779 2668 aliorsum
1812 2642 1833 2665 a

429 2689 601 2726 conclavi
633 2694 808 2731 evaserit.
841 2694 977 2745 Anglia
1011 2694 1112 2731 enini
1135 2693 1271 2743 impios
1292 2692 1393 2728 viros
1415 2699 1452 2728 et
1470 2690 1665 2728 malefidos
1678 2719 1688 2736 ,
1709 2688 1834 2726 soemi-

428 2760 497 2786 nas
538 2761 632 2785 vero
660 2750 797 2799 pietate
825 2751 992 2802 insignes
1022 2761 1058 2788 et
1082 2752 1179 2789 bene
1214 2752 1306 2788 fidas
1342 2750 1452 2800 parit.
1487 2767 1503 2783 »ι
1543 2752 1705 2785 Assertio
1732 2750 1833 2784 ΝΟΓ-

430 2811 601 2854 mamziae,
625 2807 649 2844 l.
672 2810 704 2855 Ι,
727 2822 760 2845 e.
780 2822 864 2845 vin.
