2037 3442
758 268 900 303 LIBER
926 265 1190 302 SECUNDUS.
1624 263 1666 297 71

274 364 327 393 ac
355 349 570 394 liberare.
608 351 825 392 Parentes
857 346 1011 408 itaque
1043 345 1136 389 suis
1166 341 1454 405 jussionibus
1476 341 1670 398 milites,

274 424 414 471 veluti
439 426 475 471 si
502 425 723 470 divinitus
746 423 832 468 sibi
858 423 984 468 factae
1008 422 1184 479 forent,
1210 430 1255 466 et
1278 421 1376 483 ipsa
1397 435 1505 464 cum
1528 420 1592 464 eis
1617 420 1674 464 si-

275 502 371 546 mul
396 501 527 546 ducis
555 511 600 546 et
623 501 797 545 strenui
830 500 985 544 militis
1015 515 1233 544 exercens
1258 497 1487 555 officium,
1515 513 1671 543 arcem

273 579 397 624 illam
418 578 741 624 fortissimam
732 595 778 622 in
800 578 944 623 altero
965 587 1172 622 extiemo
1192 586 1354 640 ponte,
1373 593 1427 621 ex
1451 576 1671 639 opposito

273 655 492 713 civitatis,
521 656 741 717 aggiessi,
775 671 877 717 quae
912 654 1087 699 caeteiis
1113 663 1157 698 et
1185 652 1305 697 vallo
1330 662 1375 697 et
1401 653 1574 698 militiae
1600 669 1672 697 ro-

272 731 389 776 bore
412 733 641 776 munitior
667 731 933 794 putabatur,
968 731 1106 775 etiam
1140 744 1307 789 magna
1332 728 1666 790 expugnavit¹3

273 818 411 870 atque
436 810 540 870 igne
567 808 809 872 supposito
828 808 873 852 in
898 807 1034 862 turri,
1060 806 1148 861 his,
1175 805 1253 866 qui
1278 804 1325 848 in
1352 803 1670 866 superioribus

272 885 636 947 propugnaculis
654 883 914 929 defensioni
933 880 1222 936 insistebant,
1242 880 1432 924 flamma
1447 879 1671 941 fumoque

271 963 555 1018 coarctatis2‚
583 962 653 1007 vel
677 961 796 1006 saltu
820 960 892 1005 vel
917 958 1106 1003 funibus
1131 959 1217 1021 ipsi
1247 957 1468 1002 deorsum
1490 973 1537 1002 se
1563 957 1670 1002 mit-

271 1047 366 1084 tere
390 1040 538 1083 coacti
564 1048 687 1083 sunt.
718 1041 840 1082 Inter
863 1052 981 1098 quos
1007 1044 1223 1079 strenuus
1245 1033 1318 1079 ille
1342 1032 1474 1077 miles
1502 1032 1670 1077 Classl-

269 1113 379 1170 das,
420 1114 495 1158 cui
534 1114 673 1158 totius
711 1112 970 1157 obsidionis
1012 1126 1083 1155 sai
1087 1110 1242 1155 cinam
1279 1125 1304 1154 a
1348 1107 1667 1153 Salisberiensi

269 1190 441 1234 comite
467 1190 674 1236 relictam
702 1205 841 1252 supra
871 1186 1137 1243 tetulimus,
1167 1186 1280 1231 dum
1316 1185 1464 1230 fumi
1455 1185 1667 1247 ignisque

269 1265 613 1312 vehementiam
649 1266 1014 1327 xiolentiamque
1069 1263 1271 1325 effugere
1313 1271 1571 1323 satageret,
1619 1262 1664 1307 in

267 1344 398 1405 aquis
420 1343 465 1387 Ι
456 1344 607 1404 igeiis,
635 1343 805 1406 quibus
826 1341 992 1388 cadem
1012 1341 1150 1386 tuiris
1172 1339 1391 1396 ambitur,
1414 1338 1666 1384 suffocatus

266 1427 348 1463 est.
390 1419 475 1464 Alii
505 1437 615 1466 vero
640 1438 804 1466 omnes
826 1419 1055 1476 similiter,
1084 1419 1156 1464 vel
1177 1419 1304 1480 igne,
1328 1417 1399 1462 vel
1422 1416 1545 1461 ferro
1561 1453 1571 1472 ,
1592 1415 1665 1461 vel

266 1510 495 1557 aquarum
519 1498 697 1559 gurgite
726 1496 1041 1542 consummati
1061 1497 1206 1540 sunt3.

331 1574 433 1627 Qua
474 1574 607 1635 potiti
642 1574 835 1619 victoria
873 1573 1058 1628 Franci,
1096 1570 1223 1634 quod
1257 1570 1498 1616 residuum
1538 1580 1661 1628 erat,

264 1658 487 1711 tanquam
532 1650 687 1695 mimis
721 1650 901 1695 habens
939 1648 1250 1706 difficultatis,
1302 1663 1399 1692 sese
1440 1645 1664 1709 perficere

263 1728 349 1774 sub
373 1729 547 1774 ducatu
567 1740 611 1774 et
628 1730 796 1775 vexillo
816 1729 1044 1792 praedictae
1063 1728 1254 1786 Puellae,
1272 1726 1521 1772 auxiliante
1539 1728 1658 1784 Deo,

264 1808 399 1869 plene
434 1807 750 1865 confidentes,
778 1808 837 1853 ad
862 1808 949 1854 alia
976 1807 1231 1869 Anglorum
1261 1815 1410 1851 castra
1434 1803 1661 1849 hastilias-

262 1901 352 1947 que
376 1901 431 1930 ex
453 1885 597 1932 altera
619 1895 749 1949 parte
773 1886 970 1931 civitatis
994 1894 1039 1930 et
1061 1883 1265 1929 fluminis
1288 1882 1498 1928 similiter
1515 1898 1661 1945 expu-

261 1961 492 2022 gnandas,
520 1978 603 2007 sua
633 1962 815 2025 agmina
846 1972 984 2024 atque
1007 1961 1127 2007 acies
1155 1959 1441 2005 direxerunt.
1466 1961 1521 2003 Et
1545 1958 1664 2002 mira

261 2039 496 2084 alacritate
522 2050 566 2085 et
590 2040 888 2097 fortitudine,
918 2038 1088 2102 quibus
1110 2037 1252 2101 paulo
1273 2045 1381 2082 ante
1404 2034 1661 2097 Anglorum

261 2131 437 2160 nomen
462 2115 579 2161 adeo
601 2115 896 2160 formidabile
921 2115 1090 2174 fuerat,
1117 2124 1164 2159 ut
1190 2129 1286 2158 non
1312 2110 1458 2157 modo
1484 2127 1564 2156 ecs
1589 2127 1662 2172 ag-

260 2191 406 2252 gredi,
434 2191 514 2236 sed
538 2208 597 2236 ne
623 2201 889 2254 exspectare
913 2191 1104 2254 quidem
1128 2206 1329 2254 usquam
1346 2189 1491 2234 ferme
1515 2187 1659 2233 aude-

260 2277 381 2326 rent,
403 2269 582 2313 etiamsi
606 2285 804 2314 numero
834 2268 1105 2331 viribusque
1127 2268 1266 2329 longe
1286 2273 1576 2330 praestarent,
1598 2264 1661 2310 ita

260 2356 309 2391 ut
335 2345 472 2409 plene
502 2344 722 2391 admirari
754 2346 912 2392 liceret
942 2346 1072 2409 quod
1108 2346 1154 2390 in
1187 2344 1370 2391 cantico
1399 2359 1484 2388 suo
1509 2344 1661 2387 Moses

258 2423 427 2468 cecinit
452 2440 461 2465 :
501 2443 522 2463 ι(
559 2423 813 2478 Quomodo
838 2432 1146 2487 persequatur
1173 2438 1293 2466 unus
1317 2419 1468 2477 mille,
1494 2428 1538 2464 et
1563 2417 1659 2463 duo

258 2500 418 2562 fugent
455 2499 619 2545 decem
662 2500 839 2545 millia?
864 2520 885 2541 >³
915 2501 976 2545 ita
1012 2509 1125 2545 tunc
1154 2498 1241 2545 sub
1268 2497 1434 2543 Puellae
1469 2499 1660 2542 Joannae

313 2619 350 2652 1.
383 2615 571 2666 Suppleez
593 2619 638 2653 vi.

310 2677 346 2711 2.
379 2674 485 2711 Lisez
498 2675 585 2712 hi...
597 2703 604 2712 .
622 2676 812 2712 coarctati.

313 2736 346 2771 3.
380 2736 432 2770 Le
454 2737 474 2770 7
494 2733 568 2770 mai
589 2734 705 2770 1429.
