2037 3442
472 303 545 336 1132
851 297 1187 335 HISTORIARUM
1215 299 1394 335 CAROLI
1422 301 1488 333 Vll

469 378 747 443 appellatur,
774 375 834 422 ad
866 375 1210 437 subjiciendum
1239 377 1327 422 sibi
1358 386 1404 422 et
1425 377 1708 439 capiendum
1733 381 1867 441 oppi-

469 455 586 500 dum
608 454 790 516 Diepae,
814 452 946 514 quod
966 462 1034 497 est
1053 452 1194 498 situm
1218 469 1316 498 non
1338 452 1503 516 procul
1526 453 1585 498 ab
1612 453 1691 498 illo
1715 464 1867 501 castro

468 532 514 577 in
549 531 705 576 littore
738 530 905 586 mariS,
933 530 980 574 in
1017 546 1113 592 quo
1151 530 1331 593 oppido
1368 530 1455 576 alia
1485 547 1627 593 quam
1666 530 1725 576 de
1761 531 1870 594 ipsis

469 607 647 653 civibus
670 606 728 652 ab
752 605 908 669 Anglis
934 606 1149 652 custodia
1172 607 1366 653 minime
1389 608 1540 670 posita
1564 607 1735 666 fuerat,
1757 608 1869 653 insi-

469 687 569 732 dias
593 684 804 732 tetendit.
828 687 937 729 Erat
954 685 1109 742 enim,
1131 694 1184 730 ut
1205 686 1365 748 patriae
1391 685 1575 744 accola,
1593 686 1870 731 munitionis

469 763 679 826 ejusdem
714 772 759 808 et
784 762 1003 807 locorum
1040 779 1126 825 per
1156 779 1259 825 quae
1291 763 1352 809 ad
1387 763 1749 825 ingrediendum
1792 765 1871 827 ip-

469 858 571 886 sum
604 842 678 886 via
712 849 870 903 patere
906 849 1088 902 posset,
1117 856 1213 885 non
1250 841 1452 903 ignarus.
1482 843 1600 886 Cum
1627 841 1780 902 itaque
1815 858 1869 886 ex

469 928 599 981 parte
624 916 774 962 amnis
794 917 924 977 juxta
954 915 1267 973 decurrentis,
1288 918 1368 979 qui
1390 917 1591 962 influens
1614 933 1741 962 mare
1761 934 1870 980 por-

470 1004 569 1039 tum
606 993 719 1038 inibi
745 993 875 1049 facit,
904 993 1308 1039 animadvertisset
1341 994 1518 1057 absque
1553 1010 1721 1056 magna
1749 994 1869 1040 diffi-

468 1071 639 1116 cultate
678 1070 910 1134 oppidum
949 1070 1130 1132 ingredi
1168 1087 1341 1134 posse,
1389 1071 1585 1117 collecta
1622 1071 1868 1116 satellitum

469 1152 757 1194 Francorum
793 1147 900 1192 satis
932 1163 1075 1210 parva
1109 1164 1278 1207 manu,
1304 1158 1470 1204 noctu,
1494 1149 1617 1193 circa
1650 1147 1870 1193 kalendas

468 1223 740 1269 novembris
757 1227 784 1280 ยน,
807 1223 1078 1267 transmisso
1098 1239 1262 1281 amne,
1288 1224 1368 1286 qui
1394 1240 1501 1269 cum
1526 1240 1653 1269 mare
1677 1224 1871 1269 refluxe-

467 1302 527 1345 rit
550 1300 657 1345 satis
682 1299 815 1344 facile
836 1299 1130 1344 transvadari
1147 1309 1324 1362 potest,
1354 1299 1564 1345 adnectis
1591 1299 1741 1356 scalis,
1763 1316 1862 1344 mu-

468 1393 592 1433 rum,
623 1376 701 1438 qui
725 1375 818 1420 illic
841 1374 977 1420 valde
1001 1376 1193 1438 exiguus
1217 1386 1261 1422 et
1284 1377 1597 1422 incustoditus
1615 1387 1735 1436 erat,
1763 1394 1871 1422 cum

467 1453 561 1497 suis
596 1450 908 1509 transcendit,
944 1460 1018 1507 et,
1051 1451 1232 1496 civibus
1269 1468 1438 1497 somno
1480 1452 1702 1516 sepultis,
1737 1452 1872 1515 oppi-

467 1529 581 1575 dum
619 1528 698 1573 illo
737 1527 883 1573 modo
915 1529 1096 1592 accepit
1128 1539 1173 1574 et
1212 1529 1468 1591 acquisivit.
1504 1529 1646 1585 Quod
1672 1545 1782 1573 cum
1811 1529 1872 1574 ita

468 1606 641 1651 factum
663 1607 928 1663 exstitisset,
964 1605 1096 1664 illuc,
1124 1616 1230 1669 post
1253 1606 1351 1652 dies
1377 1622 1472 1651 non
1505 1606 1699 1663 multos,
1729 1610 1872 1650 Fran-

467 1699 632 1727 corum
656 1683 854 1727 militum
884 1681 1139 1727 multitudo
1166 1683 1314 1744 major
1339 1683 1583 1728 confluxit.
1613 1686 1719 1728 Erat
1744 1684 1869 1727 enim

468 1760 532 1804 eis
559 1768 855 1823 opportunus
888 1758 1020 1802 locus
1056 1758 1115 1803 ad
1145 1759 1324 1821 praedas
1360 1758 1591 1803 faciendas
1616 1775 1700 1822 per
1724 1769 1868 1804 totam

468 1837 595 1882 illam
632 1835 946 1881 Caletensium
984 1836 1183 1897 patriam
1225 1845 1269 1880 et
1309 1835 1708 1896 Rothomagenses
1754 1836 1870 1881 fines

468 1913 802 1971 incursandos,
829 1911 911 1956 ubi
940 1921 1038 1956 erat
1062 1912 1193 1972 quasi
1224 1911 1356 1957 sedes
1390 1912 1533 1956 totius
1563 1912 1747 1973 imperii
1778 1914 1870 1956 An-

470 1993 655 2052 glorum
683 1990 730 2034 in
766 2005 911 2051 regno
948 1992 1262 2046 Francorum,
1292 1988 1442 2043 unde,
1469 1988 1578 2048 quia
1613 1987 1690 2031 illa
1722 1988 1870 2050 patria

468 2078 568 2113 tum
599 2066 707 2112 satis
736 2065 946 2128 locuples
978 2074 1023 2109 et
1056 2064 1276 2109 omnibus
1306 2063 1443 2109 bonis
1474 2064 1641 2108 referta
1665 2073 1784 2120 erat,
1811 2063 1871 2110 ad

468 2144 599 2189 illurn
615 2142 790 2196 locum,
810 2141 936 2186 velut
951 2140 1006 2186 ad
1027 2156 1281 2185 commune
1298 2139 1543 2201 quoddam
1560 2139 1870 2185 latrocinandi

468 2217 754 2281 emporium,
778 2216 1078 2279 quamplures
1102 2216 1412 2277 confugerant
1441 2232 1465 2260 e
1495 2216 1709 2273 Francis,
1737 2225 1781 2261 et
1814 2232 1868 2260 ex

468 2297 589 2342 illius
607 2305 736 2340 terrae
753 2293 992 2339 nobilibus
1009 2293 1264 2356 potissime.
1298 2292 1456 2337 Plures
1480 2293 1606 2337 enim
1628 2309 1681 2338 ex
1706 2292 1867 2337 iisdem

469 2371 725 2428 nobilibus,
745 2370 1002 2431 Anglorum
1018 2370 1268 2433 imperium
1289 2369 1523 2432 aspernati
1546 2379 1590 2415 et
1611 2369 1864 2430 dedignati,

469 2457 621 2511 partes
656 2446 772 2507 regis
804 2449 1094 2491 Francorum
1125 2445 1271 2490 secuti
1298 2445 1506 2503 fuerant,
1534 2447 1614 2507 qui
1641 2462 1869 2509 pauperes

469 2535 514 2569 et
552 2525 742 2585 inopes,
777 2521 903 2568 velut
941 2522 1039 2585 lupi
1079 2522 1303 2580 famelici,
1343 2522 1404 2568 ad
1440 2522 1645 2585 praedam
1681 2523 1740 2568 de
1779 2523 1869 2567 suis

470 2600 611 2645 etiam
648 2600 849 2664 propriis
890 2598 1164 2644 hominihus
1199 2614 1255 2644 ac
1291 2598 1516 2656 subditis,
1553 2600 1634 2661 qui
1673 2600 1867 2664 patriam

530 2765 560 2797 l.
594 2763 645 2797 Le
663 2760 848 2796 vcndredi
864 2763 913 2797 28
935 2759 1088 2797 octobre
1109 2763 1226 2799 1433.
