<?xml version="1.0" encoding="UTF-8"?>
<!DOCTYPE html PUBLIC "-//W3C//DTD XHTML 1.0 Transitional//EN"
    "http://www.w3.org/TR/xhtml1/DTD/xhtml1-transitional.dtd">
<html xmlns="http://www.w3.org/1999/xhtml" xml:lang="en" lang="en">
 <head>
  <title>
</title>
<meta http-equiv="Content-Type" content="text/html;charset=utf-8" />
  <meta name='ocr-system' content='tesseract 3.04.00' />
  <meta name='ocr-capabilities' content='ocr_page ocr_carea ocr_par ocr_line ocrx_word'/>
</head>
<body>
  <div class='ocr_page' id='page_1' title='image "./histoiredesrgn01basi_0298.png"; bbox 0 0 2037 3442; ppageno 0'>
   <div class='ocr_carea' id='block_1_1' title="bbox 388 300 1403 339">
    <p class='ocr_par' dir='ltr' id='par_1_1' title="bbox 388 300 1403 339">
     <span class='ocr_line' id='line_1_1' title="bbox 388 300 1403 339; baseline -0.004 -1"><span class='ocrx_word' id='word_1_1' title='bbox 388 305 462 339; x_wconf 75' lang='lat' dir='ltr'>12ss</span> <span class='ocrx_word' id='word_1_2' title='bbox 762 301 1099 336; x_wconf 81' lang='lat' dir='ltr'>fflsTORIARUM</span> <span class='ocrx_word' id='word_1_3' title='bbox 1130 300 1308 335; x_wconf 83' lang='lat' dir='ltr'>CAROLI</span> <span class='ocrx_word' id='word_1_4' title='bbox 1337 302 1403 334; x_wconf 91' lang='lat' dir='ltr'>VII</span> 
     </span>
    </p>
   </div>
   <div class='ocr_carea' id='block_1_2' title="bbox 386 378 1802 2817">
    <p class='ocr_par' dir='ltr' id='par_1_2' title="bbox 386 378 1802 2817">
     <span class='ocr_line' id='line_1_2' title="bbox 387 378 1787 445; baseline -0.001 -16"><span class='ocrx_word' id='word_1_5' title='bbox 387 394 454 430; x_wconf 90' lang='lat' dir='ltr'>est</span> <span class='ocrx_word' id='word_1_6' title='bbox 476 382 606 445; x_wconf 89' lang='lat' dir='ltr'>quod</span> <span class='ocrx_word' id='word_1_7' title='bbox 622 418 634 441; x_wconf 86' lang='lat'><strong><em>‚</em></strong></span> <span class='ocrx_word' id='word_1_8' title='bbox 659 390 913 444; x_wconf 81' lang='lat' dir='ltr'>postquam</span> <span class='ocrx_word' id='word_1_9' title='bbox 936 379 1064 442; x_wconf 87' lang='lat' dir='ltr'>apud</span> <span class='ocrx_word' id='word_1_10' title='bbox 1089 378 1363 424; x_wconf 79' lang='lat' dir='ltr'><strong>Atrebatum</strong></span> <span class='ocrx_word' id='word_1_11' title='bbox 1383 378 1649 443; x_wconf 81' lang='lat' dir='ltr'>Philippus,</span> <span class='ocrx_word' id='word_1_12' title='bbox 1678 386 1787 427; x_wconf 51' lang='lat' dir='ltr'>ssur„</span> 
     </span>
     <span class='ocr_line' id='line_1_3' title="bbox 387 455 1783 522; baseline -0.001 -18"><span class='ocrx_word' id='word_1_13' title='bbox 387 458 684 522; x_wconf 85' lang='lat' dir='ltr'>gundionum</span> <span class='ocrx_word' id='word_1_14' title='bbox 707 455 819 513; x_wconf 83' lang='lat' dir='ltr'>dux,</span> <span class='ocrx_word' id='word_1_15' title='bbox 848 472 964 519; x_wconf 89' lang='lat' dir='ltr'>pace</span> <span class='ocrx_word' id='word_1_16' title='bbox 988 472 1098 501; x_wconf 88' lang='lat' dir='ltr'>cum</span> <span class='ocrx_word' id='word_1_17' title='bbox 1123 455 1310 514; x_wconf 80' lang='lat' dir='ltr'>Carolo,</span> <span class='ocrx_word' id='word_1_18' title='bbox 1338 458 1627 501; x_wconf 77' lang='lat' dir='ltr'>Francorum</span> <span class='ocrx_word' id='word_1_19' title='bbox 1652 473 1783 518; x_wconf 66' lang='lat' dir='ltr'>rege,</span> 
     </span>
     <span class='ocr_line' id='line_1_4' title="bbox 386 532 1788 599; baseline -0.001 -18"><span class='ocrx_word' id='word_1_20' title='bbox 386 532 792 599; x_wconf 81' lang='lat' dir='ltr'>quemadmodum</span> <span class='ocrx_word' id='word_1_21' title='bbox 832 533 1102 591; x_wconf 75' lang='lat' dir='ltr'>retulimu5‚</span> <span class='ocrx_word' id='word_1_22' title='bbox 1147 533 1291 589; x_wconf 77' lang='lat' dir='ltr'>facta,</span> <span class='ocrx_word' id='word_1_23' title='bbox 1321 532 1493 578; x_wconf 85' lang='lat' dir='ltr'>foedere</span> <span class='ocrx_word' id='word_1_24' title='bbox 1517 534 1645 595; x_wconf 87' lang='lat' dir='ltr'>quod</span> <span class='ocrx_word' id='word_1_25' title='bbox 1680 550 1788 579; x_wconf 89' lang='lat' dir='ltr'>cum</span> 
     </span>
     <span class='ocr_line' id='line_1_5' title="bbox 387 609 1789 674; baseline -0.001 -16"><span class='ocrx_word' id='word_1_26' title='bbox 387 613 542 674; x_wconf 86' lang='lat' dir='ltr'>Anglis</span> <span class='ocrx_word' id='word_1_27' title='bbox 563 610 793 656; x_wconf 90' lang='lat' dir='ltr'>habuerat</span> <span class='ocrx_word' id='word_1_28' title='bbox 827 609 1008 667; x_wconf 84' lang='lat' dir='ltr'>soluto,</span> <span class='ocrx_word' id='word_1_29' title='bbox 1037 609 1258 655; x_wconf 86' lang='lat' dir='ltr'>adversus</span> <span class='ocrx_word' id='word_1_30' title='bbox 1296 610 1422 672; x_wconf 82' lang='lat' dir='ltr'>ipsos</span> <span class='ocrx_word' id='word_1_31' title='bbox 1459 611 1631 672; x_wconf 82' lang='lat' dir='ltr'>Anglos</span> <span class='ocrx_word' id='word_1_32' title='bbox 1657 611 1789 656; x_wconf 89' lang='lat' dir='ltr'>moli-</span> 
     </span>
     <span class='ocr_line' id='line_1_6' title="bbox 387 686 1790 750; baseline -0.001 -16"><span class='ocrx_word' id='word_1_33' title='bbox 387 699 460 734; x_wconf 91' lang='lat' dir='ltr'>tus</span> <span class='ocrx_word' id='word_1_34' title='bbox 483 688 554 733; x_wconf 88' lang='lat' dir='ltr'>sit.</span> <span class='ocrx_word' id='word_1_35' title='bbox 586 687 757 733; x_wconf 84' lang='lat' dir='ltr'>Videns</span> <span class='ocrx_word' id='word_1_36' title='bbox 776 687 902 732; x_wconf 89' lang='lat' dir='ltr'>enim</span> <span class='ocrx_word' id='word_1_37' title='bbox 924 687 1050 750; x_wconf 84' lang='lat' dir='ltr'>ipsos</span> <span class='ocrx_word' id='word_1_38' title='bbox 1074 686 1162 732; x_wconf 84' lang='lat' dir='ltr'>sibi</span> <span class='ocrx_word' id='word_1_39' title='bbox 1187 696 1438 749; x_wconf 83' lang='lat' dir='ltr'>propterea</span> <span class='ocrx_word' id='word_1_40' title='bbox 1458 687 1664 732; x_wconf 81' lang='lat' dir='ltr'>infensos</span> <span class='ocrx_word' id='word_1_41' title='bbox 1686 688 1790 750; x_wconf 87' lang='lat' dir='ltr'>plu-</span> 
     </span>
     <span class='ocr_line' id='line_1_7' title="bbox 388 761 1789 826; baseline 0 -18"><span class='ocrx_word' id='word_1_42' title='bbox 388 764 560 808; x_wconf 87' lang='lat' dir='ltr'>rimum</span> <span class='ocrx_word' id='word_1_43' title='bbox 578 762 862 820; x_wconf 80' lang='lat' dir='ltr'>reddidisse,</span> <span class='ocrx_word' id='word_1_44' title='bbox 888 763 1116 824; x_wconf 84' lang='lat' dir='ltr'>terrisque</span> <span class='ocrx_word' id='word_1_45' title='bbox 1137 772 1181 807; x_wconf 87' lang='lat' dir='ltr'>et</span> <span class='ocrx_word' id='word_1_46' title='bbox 1205 761 1403 807; x_wconf 83' lang='lat' dir='ltr'>subditis</span> <span class='ocrx_word' id='word_1_47' title='bbox 1422 763 1514 807; x_wconf 84' lang='lat' dir='ltr'>suis</span> <span class='ocrx_word' id='word_1_48' title='bbox 1537 779 1592 808; x_wconf 83' lang='lat' dir='ltr'>ex</span> <span class='ocrx_word' id='word_1_49' title='bbox 1611 763 1789 826; x_wconf 85' lang='lat' dir='ltr'>oppido</span> 
     </span>
     <span class='ocr_line' id='line_1_8' title="bbox 388 838 1792 901; baseline -0.001 -15"><span class='ocrx_word' id='word_1_50' title='bbox 388 841 553 887; x_wconf 84' lang='lat' dir='ltr'>Calesii</span> <span class='ocrx_word' id='word_1_51' title='bbox 574 850 619 885; x_wconf 85' lang='lat' dir='ltr'>et</span> <span class='ocrx_word' id='word_1_52' title='bbox 644 839 840 885; x_wconf 78' lang='lat' dir='ltr'>castellis</span> <span class='ocrx_word' id='word_1_53' title='bbox 864 838 1099 901; x_wconf 83' lang='lat' dir='ltr'>aliquibus</span> <span class='ocrx_word' id='word_1_54' title='bbox 1120 838 1464 900; x_wconf 77' lang='lat' dir='ltr'>adjacentibus,</span> <span class='ocrx_word' id='word_1_55' title='bbox 1487 855 1589 900; x_wconf 85' lang='lat' dir='ltr'>quae</span> <span class='ocrx_word' id='word_1_56' title='bbox 1611 839 1658 884; x_wconf 87' lang='lat' dir='ltr'>in</span> <span class='ocrx_word' id='word_1_57' title='bbox 1683 856 1792 884; x_wconf 87' lang='lat' dir='ltr'>con-</span> 
     </span>
     <span class='ocr_line' id='line_1_9' title="bbox 389 915 1786 975; baseline -0.001 -13"><span class='ocrx_word' id='word_1_58' title='bbox 389 917 503 962; x_wconf 79' lang='lat' dir='ltr'>finio</span> <span class='ocrx_word' id='word_1_59' title='bbox 524 927 754 963; x_wconf 81' lang='lat' dir='ltr'>terrarum</span> <span class='ocrx_word' id='word_1_60' title='bbox 771 932 962 962; x_wconf 87' lang='lat' dir='ltr'>suarum</span> <span class='ocrx_word' id='word_1_61' title='bbox 982 915 1209 961; x_wconf 86' lang='lat' dir='ltr'>Flandriae</span> <span class='ocrx_word' id='word_1_62' title='bbox 1232 925 1276 960; x_wconf 88' lang='lat' dir='ltr'>et</span> <span class='ocrx_word' id='word_1_63' title='bbox 1298 915 1520 961; x_wconf 82' lang='lat' dir='ltr'>Picardiae</span> <span class='ocrx_word' id='word_1_64' title='bbox 1545 915 1632 961; x_wconf 88' lang='lat' dir='ltr'>sita</span> <span class='ocrx_word' id='word_1_65' title='bbox 1655 926 1786 975; x_wconf 77' lang='lat' dir='ltr'>sunt,</span> 
     </span>
     <span class='ocr_line' id='line_1_10' title="bbox 389 992 1793 1058; baseline -0.001 -19"><span class='ocrx_word' id='word_1_66' title='bbox 389 995 523 1058; x_wconf 80' lang='lat' dir='ltr'>plura</span> <span class='ocrx_word' id='word_1_67' title='bbox 540 1003 829 1039; x_wconf 88' lang='lat' dir='ltr'>nocumenta</span> <span class='ocrx_word' id='word_1_68' title='bbox 846 993 1015 1038; x_wconf 86' lang='lat' dir='ltr'>inferre</span> <span class='ocrx_word' id='word_1_69' title='bbox 1032 1009 1170 1056; x_wconf 88' lang='lat' dir='ltr'>posse</span> <span class='ocrx_word' id='word_1_70' title='bbox 1188 1030 1198 1052; x_wconf 67' lang='lat'>7</span> <span class='ocrx_word' id='word_1_71' title='bbox 1216 992 1466 1038; x_wconf 85' lang='lat' dir='ltr'>consilium</span> <span class='ocrx_word' id='word_1_72' title='bbox 1484 993 1663 1055; x_wconf 89' lang='lat' dir='ltr'>accepit</span> <span class='ocrx_word' id='word_1_73' title='bbox 1676 993 1793 1038; x_wconf 83' lang='lat' dir='ltr'>velle</span> 
     </span>
     <span class='ocr_line' id='line_1_11' title="bbox 390 1069 1792 1132; baseline 0 -16"><span class='ocrx_word' id='word_1_74' title='bbox 390 1072 531 1116; x_wconf 85' lang='lat' dir='ltr'>armis</span> <span class='ocrx_word' id='word_1_75' title='bbox 553 1087 607 1117; x_wconf 90' lang='lat' dir='ltr'>ac</span> <span class='ocrx_word' id='word_1_76' title='bbox 629 1070 803 1116; x_wconf 86' lang='lat' dir='ltr'>viribus</span> <span class='ocrx_word' id='word_1_77' title='bbox 823 1087 877 1116; x_wconf 88' lang='lat' dir='ltr'>ea</span> <span class='ocrx_word' id='word_1_78' title='bbox 901 1070 1064 1116; x_wconf 86' lang='lat' dir='ltr'>tollere</span> <span class='ocrx_word' id='word_1_79' title='bbox 1095 1085 1282 1132; x_wconf 82' lang='lat' dir='ltr'>suaeque</span> <span class='ocrx_word' id='word_1_80' title='bbox 1307 1070 1454 1116; x_wconf 86' lang='lat' dir='ltr'>facere</span> <span class='ocrx_word' id='word_1_81' title='bbox 1484 1069 1701 1129; x_wconf 79' lang='lat' dir='ltr'>ditionis3</span> <span class='ocrx_word' id='word_1_82' title='bbox 1731 1071 1792 1116; x_wconf 85' lang='lat' dir='ltr'>si-</span> 
     </span>
     <span class='ocr_line' id='line_1_12' title="bbox 390 1146 1795 1210; baseline 0 -18"><span class='ocrx_word' id='word_1_83' title='bbox 390 1148 488 1192; x_wconf 89' lang='lat' dir='ltr'>mul</span> <span class='ocrx_word' id='word_1_84' title='bbox 511 1148 649 1193; x_wconf 82' lang='lat' dir='ltr'>etiam</span> <span class='ocrx_word' id='word_1_85' title='bbox 676 1147 802 1210; x_wconf 88' lang='lat' dir='ltr'>apud</span> <span class='ocrx_word' id='word_1_86' title='bbox 833 1163 881 1192; x_wconf 89' lang='lat' dir='ltr'>se</span> <span class='ocrx_word' id='word_1_87' title='bbox 912 1156 1133 1210; x_wconf 84' lang='lat' dir='ltr'>reputans</span> <span class='ocrx_word' id='word_1_88' title='bbox 1166 1162 1273 1208; x_wconf 86' lang='lat' dir='ltr'>erga</span> <span class='ocrx_word' id='word_1_89' title='bbox 1304 1146 1526 1193; x_wconf 85' lang='lat' dir='ltr'>Carolum</span> <span class='ocrx_word' id='word_1_90' title='bbox 1554 1162 1709 1208; x_wconf 84' lang='lat' dir='ltr'>regem</span> <span class='ocrx_word' id='word_1_91' title='bbox 1751 1157 1795 1192; x_wconf 89' lang='lat' dir='ltr'>et</span> 
     </span>
     <span class='ocr_line' id='line_1_13' title="bbox 391 1223 1794 1286; baseline -0.001 -17"><span class='ocrx_word' id='word_1_92' title='bbox 391 1227 593 1269; x_wconf 76' lang='lat' dir='ltr'>Francos</span> <span class='ocrx_word' id='word_1_93' title='bbox 619 1225 814 1285; x_wconf 75' lang='lat' dir='ltr'>gratiam</span> <span class='ocrx_word' id='word_1_94' title='bbox 839 1233 978 1284; x_wconf 87' lang='lat' dir='ltr'>atque</span> <span class='ocrx_word' id='word_1_95' title='bbox 1009 1223 1263 1269; x_wconf 73' lang='lat' dir='ltr'>amicitiam</span> <span class='ocrx_word' id='word_1_96' title='bbox 1296 1239 1572 1285; x_wconf 82' lang='lat' dir='ltr'>comparare</span> <span class='ocrx_word' id='word_1_97' title='bbox 1596 1223 1794 1286; x_wconf 82' lang='lat' dir='ltr'>amplio-</span> 
     </span>
     <span class='ocr_line' id='line_1_14' title="bbox 391 1300 1795 1363; baseline -0.001 -17"><span class='ocrx_word' id='word_1_98' title='bbox 391 1318 514 1359; x_wconf 80' lang='lat' dir='ltr'>rem,</span> <span class='ocrx_word' id='word_1_99' title='bbox 540 1301 577 1346; x_wconf 92' lang='lat' dir='ltr'>si</span> <span class='ocrx_word' id='word_1_100' title='bbox 598 1301 896 1362; x_wconf 84' lang='lat' dir='ltr'>gravissimos</span> <span class='ocrx_word' id='word_1_101' title='bbox 922 1317 1089 1346; x_wconf 88' lang='lat' dir='ltr'>eorum</span> <span class='ocrx_word' id='word_1_102' title='bbox 1113 1300 1274 1346; x_wconf 81' lang='lat' dir='ltr'>hostes</span> <span class='ocrx_word' id='word_1_103' title='bbox 1297 1315 1381 1345; x_wconf 87' lang='lat' dir='ltr'>sua</span> <span class='ocrx_word' id='word_1_104' title='bbox 1413 1316 1469 1345; x_wconf 79' lang='lat' dir='ltr'>ex</span> <span class='ocrx_word' id='word_1_105' title='bbox 1489 1310 1619 1363; x_wconf 89' lang='lat' dir='ltr'>parte</span> <span class='ocrx_word' id='word_1_106' title='bbox 1642 1301 1795 1363; x_wconf 86' lang='lat' dir='ltr'>impu·</span> 
     </span>
     <span class='ocr_line' id='line_1_15' title="bbox 391 1376 1795 1440; baseline -0.001 -18"><span class='ocrx_word' id='word_1_107' title='bbox 391 1394 533 1440; x_wconf 85' lang='lat' dir='ltr'>gnare</span> <span class='ocrx_word' id='word_1_108' title='bbox 555 1387 696 1439; x_wconf 88' lang='lat' dir='ltr'>atque</span> <span class='ocrx_word' id='word_1_109' title='bbox 715 1393 884 1422; x_wconf 89' lang='lat' dir='ltr'>eorum</span> <span class='ocrx_word' id='word_1_110' title='bbox 898 1378 1019 1422; x_wconf 85' lang='lat' dir='ltr'>vires</span> <span class='ocrx_word' id='word_1_111' title='bbox 1036 1386 1279 1423; x_wconf 82' lang='lat' dir='ltr'>attenuare</span> <span class='ocrx_word' id='word_1_112' title='bbox 1296 1376 1618 1423; x_wconf 82' lang='lat' dir='ltr'>contenderet.</span> <span class='ocrx_word' id='word_1_113' title='bbox 1641 1380 1795 1433; x_wconf 84' lang='lat' dir='ltr'>Quam</span> 
     </span>
     <span class='ocr_line' id='line_1_16' title="bbox 392 1453 1796 1517; baseline -0.001 -17"><span class='ocrx_word' id='word_1_114' title='bbox 392 1472 501 1500; x_wconf 87' lang='lat' dir='ltr'>cum</span> <span class='ocrx_word' id='word_1_115' title='bbox 522 1454 750 1516; x_wconf 88' lang='lat' dir='ltr'>Flamingi</span> <span class='ocrx_word' id='word_1_116' title='bbox 767 1454 838 1499; x_wconf 87' lang='lat' dir='ltr'>sui</span> <span class='ocrx_word' id='word_1_117' title='bbox 856 1453 995 1499; x_wconf 88' lang='lat' dir='ltr'>talem</span> <span class='ocrx_word' id='word_1_118' title='bbox 1018 1455 1303 1517; x_wconf 85' lang='lat' dir='ltr'>accepissent</span> <span class='ocrx_word' id='word_1_119' title='bbox 1323 1470 1431 1498; x_wconf 89' lang='lat' dir='ltr'>eum</span> <span class='ocrx_word' id='word_1_120' title='bbox 1448 1469 1605 1516; x_wconf 81' lang='lat' dir='ltr'>gerere</span> <span class='ocrx_word' id='word_1_121' title='bbox 1628 1454 1796 1498; x_wconf 86' lang='lat' dir='ltr'>volun-</span> 
     </span>
     <span class='ocr_line' id='line_1_17' title="bbox 393 1530 1794 1593; baseline -0.001 -18"><span class='ocrx_word' id='word_1_122' title='bbox 393 1540 558 1588; x_wconf 75' lang='lat' dir='ltr'>tatem,</span> <span class='ocrx_word' id='word_1_123' title='bbox 599 1542 669 1589; x_wconf 76' lang='lat' dir='ltr'>et,</span> <span class='ocrx_word' id='word_1_124' title='bbox 706 1530 863 1592; x_wconf 87' lang='lat' dir='ltr'>quoad</span> <span class='ocrx_word' id='word_1_125' title='bbox 897 1540 1142 1593; x_wconf 83' lang='lat' dir='ltr'>poterant,</span> <span class='ocrx_word' id='word_1_126' title='bbox 1188 1530 1481 1593; x_wconf 88' lang='lat' dir='ltr'>complacere</span> <span class='ocrx_word' id='word_1_127' title='bbox 1521 1530 1794 1590; x_wconf 76' lang='lat' dir='ltr'>gestientes,</span> 
     </span>
     <span class='ocr_line' id='line_1_18' title="bbox 394 1605 1796 1651; baseline -0.001 0"><span class='ocrx_word' id='word_1_128' title='bbox 394 1608 533 1651; x_wconf 84' lang='lat' dir='ltr'>totius</span> <span class='ocrx_word' id='word_1_129' title='bbox 565 1605 792 1651; x_wconf 82' lang='lat' dir='ltr'>Flandriae</span> <span class='ocrx_word' id='word_1_130' title='bbox 818 1606 938 1651; x_wconf 70' lang='lat' dir='ltr'>vires</span> <span class='ocrx_word' id='word_1_131' title='bbox 971 1606 1031 1651; x_wconf 89' lang='lat' dir='ltr'>ad</span> <span class='ocrx_word' id='word_1_132' title='bbox 1062 1606 1184 1651; x_wconf 87' lang='lat' dir='ltr'>illius</span> <span class='ocrx_word' id='word_1_133' title='bbox 1216 1622 1308 1651; x_wconf 71' lang='lat' dir='ltr'>sua:</span> <span class='ocrx_word' id='word_1_134' title='bbox 1339 1606 1688 1651; x_wconf 76' lang='lat' dir='ltr'>exsecutionem</span> <span class='ocrx_word' id='word_1_135' title='bbox 1714 1621 1796 1649; x_wconf 71' lang='lat' dir='ltr'>vo-</span> 
     </span>
     <span class='ocr_line' id='line_1_19' title="bbox 393 1682 1797 1744; baseline -0.001 -17"><span class='ocrx_word' id='word_1_136' title='bbox 393 1682 582 1728; x_wconf 81' lang='lat' dir='ltr'>luntatis</span> <span class='ocrx_word' id='word_1_137' title='bbox 622 1682 896 1727; x_wconf 84' lang='lat' dir='ltr'>obtulerunt</span> <span class='ocrx_word' id='word_1_138' title='bbox 912 1718 923 1739; x_wconf 85' lang='lat'>,</span> <span class='ocrx_word' id='word_1_139' title='bbox 963 1692 1007 1727; x_wconf 85' lang='lat' dir='ltr'>et</span> <span class='ocrx_word' id='word_1_140' title='bbox 1043 1700 1092 1728; x_wconf 92' lang='lat' dir='ltr'>se</span> <span class='ocrx_word' id='word_1_141' title='bbox 1131 1682 1256 1728; x_wconf 89' lang='lat' dir='ltr'>solos</span> <span class='ocrx_word' id='word_1_142' title='bbox 1299 1683 1413 1728; x_wconf 85' lang='lat' dir='ltr'>illud</span> <span class='ocrx_word' id='word_1_143' title='bbox 1461 1682 1797 1744; x_wconf 85' lang='lat' dir='ltr'>adimpleturos</span> 
     </span>
     <span class='ocr_line' id='line_1_20' title="bbox 393 1758 1796 1822; baseline 0 -18"><span class='ocrx_word' id='word_1_144' title='bbox 393 1760 798 1822; x_wconf 70' lang='lat' dir='ltr'>perfecturosque‚</span> <span class='ocrx_word' id='word_1_145' title='bbox 822 1758 998 1821; x_wconf 85' lang='lat' dir='ltr'>absque</span> <span class='ocrx_word' id='word_1_146' title='bbox 1018 1759 1122 1804; x_wconf 90' lang='lat' dir='ltr'>ullis</span> <span class='ocrx_word' id='word_1_147' title='bbox 1141 1776 1333 1805; x_wconf 86' lang='lat' dir='ltr'>suarum</span> <span class='ocrx_word' id='word_1_148' title='bbox 1349 1760 1543 1805; x_wconf 82' lang='lat' dir='ltr'>aliarum</span> <span class='ocrx_word' id='word_1_149' title='bbox 1567 1769 1796 1804; x_wconf 86' lang='lat' dir='ltr'>terrarum</span> 
     </span>
     <span class='ocr_line' id='line_1_21' title="bbox 394 1837 1798 1901; baseline -0.001 -18"><span class='ocrx_word' id='word_1_150' title='bbox 394 1838 563 1901; x_wconf 71' lang='lat' dir='ltr'>copiis,</span> <span class='ocrx_word' id='word_1_151' title='bbox 590 1837 926 1901; x_wconf 80' lang='lat' dir='ltr'>promiserunt.</span> <span class='ocrx_word' id='word_1_152' title='bbox 950 1840 1167 1893; x_wconf 87' lang='lat' dir='ltr'>Quorum</span> <span class='ocrx_word' id='word_1_153' title='bbox 1184 1847 1459 1901; x_wconf 85' lang='lat' dir='ltr'>promptum</span> <span class='ocrx_word' id='word_1_154' title='bbox 1479 1838 1689 1882; x_wconf 87' lang='lat' dir='ltr'>animum</span> <span class='ocrx_word' id='word_1_155' title='bbox 1707 1837 1798 1882; x_wconf 90' lang='lat' dir='ltr'>sin-</span> 
     </span>
     <span class='ocr_line' id='line_1_22' title="bbox 394 1912 1798 1976; baseline -0.002 -17"><span class='ocrx_word' id='word_1_156' title='bbox 394 1930 645 1975; x_wconf 84' lang='lat' dir='ltr'>ceramque</span> <span class='ocrx_word' id='word_1_157' title='bbox 671 1912 798 1958; x_wconf 89' lang='lat' dir='ltr'>idem</span> <span class='ocrx_word' id='word_1_158' title='bbox 821 1913 1037 1976; x_wconf 85' lang='lat' dir='ltr'>princeps</span> <span class='ocrx_word' id='word_1_159' title='bbox 1059 1914 1346 1976; x_wconf 81' lang='lat' dir='ltr'>perspiciens</span> <span class='ocrx_word' id='word_1_160' title='bbox 1367 1913 1660 1958; x_wconf 73' lang='lat' dir='ltr'>voluntatem</span> <span class='ocrx_word' id='word_1_161' title='bbox 1679 1949 1689 1970; x_wconf 73' lang='grc'>,</span> <span class='ocrx_word' id='word_1_162' title='bbox 1721 1930 1798 1958; x_wconf 84' lang='lat' dir='ltr'>eo—</span> 
     </span>
     <span class='ocr_line' id='line_1_23' title="bbox 393 1989 1798 2052; baseline -0.001 -17"><span class='ocrx_word' id='word_1_163' title='bbox 393 2007 499 2036; x_wconf 86' lang='lat' dir='ltr'>rum</span> <span class='ocrx_word' id='word_1_164' title='bbox 522 1989 813 2035; x_wconf 84' lang='lat' dir='ltr'>oblationem</span> <span class='ocrx_word' id='word_1_165' title='bbox 831 1989 935 2035; x_wconf 86' lang='lat' dir='ltr'>laeto</span> <span class='ocrx_word' id='word_1_166' title='bbox 956 2006 1009 2036; x_wconf 87' lang='lat' dir='ltr'>ac</span> <span class='ocrx_word' id='word_1_167' title='bbox 1028 2000 1158 2051; x_wconf 87' lang='lat' dir='ltr'>grato</span> <span class='ocrx_word' id='word_1_168' title='bbox 1181 1990 1340 2035; x_wconf 85' lang='lat' dir='ltr'>animo</span> <span class='ocrx_word' id='word_1_169' title='bbox 1365 1991 1557 2052; x_wconf 86' lang='lat' dir='ltr'>accepit.</span> <span class='ocrx_word' id='word_1_170' title='bbox 1583 1990 1726 2051; x_wconf 87' lang='lat' dir='ltr'>Cujus</span> <span class='ocrx_word' id='word_1_171' title='bbox 1749 1999 1798 2034; x_wconf 84' lang='lat' dir='ltr'>ut</span> 
     </span>
     <span class='ocr_line' id='line_1_24' title="bbox 397 2066 1795 2130; baseline -0.001 -17"><span class='ocrx_word' id='word_1_172' title='bbox 397 2067 668 2114; x_wconf 77' lang='lat' dir='ltr'>exhiberent</span> <span class='ocrx_word' id='word_1_173' title='bbox 686 2066 923 2125; x_wconf 81' lang='lat' dir='ltr'>affectum,</span> <span class='ocrx_word' id='word_1_174' title='bbox 942 2067 1001 2113; x_wconf 87' lang='lat' dir='ltr'>de</span> <span class='ocrx_word' id='word_1_175' title='bbox 1017 2069 1209 2129; x_wconf 88' lang='lat' dir='ltr'>singulis</span> <span class='ocrx_word' id='word_1_176' title='bbox 1228 2068 1385 2130; x_wconf 66' lang='lat' dir='ltr'>patriae</span> <span class='ocrx_word' id='word_1_177' title='bbox 1401 2067 1588 2129; x_wconf 76' lang='lat' dir='ltr'>oppidis</span> <span class='ocrx_word' id='word_1_178' title='bbox 1605 2077 1651 2112; x_wconf 86' lang='lat' dir='ltr'>et</span> <span class='ocrx_word' id='word_1_179' title='bbox 1663 2068 1795 2124; x_wconf 86' lang='lat' dir='ltr'>locis,</span> 
     </span>
     <span class='ocr_line' id='line_1_25' title="bbox 395 2139 1799 2207; baseline 0.001 -19"><span class='ocrx_word' id='word_1_180' title='bbox 395 2161 496 2207; x_wconf 81' lang='lat' dir='ltr'>quae</span> <span class='ocrx_word' id='word_1_181' title='bbox 520 2154 618 2188; x_wconf 89' lang='lat' dir='ltr'>tum</span> <span class='ocrx_word' id='word_1_182' title='bbox 642 2139 1005 2207; x_wconf 85' lang='lat' dir='ltr'>populosissima</span> <span class='ocrx_word' id='word_1_183' title='bbox 1032 2143 1481 2207; x_wconf 45' lang='lat' dir='ltr'>opulentissimaque</span> <span class='ocrx_word' id='word_1_184' title='bbox 1510 2153 1671 2199; x_wconf 80' lang='lat' dir='ltr'>erant,</span> <span class='ocrx_word' id='word_1_185' title='bbox 1700 2160 1799 2189; x_wconf 85' lang='lat' dir='ltr'>ma-</span> 
     </span>
     <span class='ocr_line' id='line_1_26' title="bbox 395 2219 1800 2283; baseline -0.001 -18"><span class='ocrx_word' id='word_1_186' title='bbox 395 2236 508 2283; x_wconf 87' lang='lat' dir='ltr'>gnas</span> <span class='ocrx_word' id='word_1_187' title='bbox 534 2220 691 2283; x_wconf 89' lang='lat' dir='ltr'>copias</span> <span class='ocrx_word' id='word_1_188' title='bbox 714 2230 1077 2277; x_wconf 84' lang='lat' dir='ltr'>contraxerunt,</span> <span class='ocrx_word' id='word_1_189' title='bbox 1104 2230 1150 2265; x_wconf 88' lang='lat' dir='ltr'>et</span> <span class='ocrx_word' id='word_1_190' title='bbox 1181 2237 1279 2265; x_wconf 86' lang='lat' dir='ltr'>sese</span> <span class='ocrx_word' id='word_1_191' title='bbox 1308 2220 1368 2266; x_wconf 90' lang='lat' dir='ltr'>ad</span> <span class='ocrx_word' id='word_1_192' title='bbox 1391 2219 1655 2265; x_wconf 85' lang='lat' dir='ltr'>conductos</span> <span class='ocrx_word' id='word_1_193' title='bbox 1675 2219 1800 2265; x_wconf 88' lang='lat' dir='ltr'>diem</span> 
     </span>
     <span class='ocr_line' id='line_1_27' title="bbox 395 2296 1794 2360; baseline -0.001 -17"><span class='ocrx_word' id='word_1_194' title='bbox 395 2307 440 2343; x_wconf 84' lang='lat' dir='ltr'>et</span> <span class='ocrx_word' id='word_1_195' title='bbox 462 2296 619 2341; x_wconf 86' lang='lat' dir='ltr'>locum</span> <span class='ocrx_word' id='word_1_196' title='bbox 635 2332 646 2354; x_wconf 76' lang='lat'><strong><em>⁷</em></strong></span> <span class='ocrx_word' id='word_1_197' title='bbox 678 2296 766 2342; x_wconf 90' lang='lat' dir='ltr'>sub</span> <span class='ocrx_word' id='word_1_198' title='bbox 800 2297 1010 2359; x_wconf 86' lang='lat' dir='ltr'>ejusdem</span> <span class='ocrx_word' id='word_1_199' title='bbox 1032 2297 1104 2341; x_wconf 88' lang='lat' dir='ltr'>sui</span> <span class='ocrx_word' id='word_1_200' title='bbox 1127 2298 1353 2360; x_wconf 87' lang='lat' dir='ltr'>principis</span> <span class='ocrx_word' id='word_1_201' title='bbox 1376 2297 1573 2354; x_wconf 82' lang='lat' dir='ltr'>ducatu,</span> <span class='ocrx_word' id='word_1_202' title='bbox 1603 2296 1794 2358; x_wconf 86' lang='lat' dir='ltr'>college-</span> 
     </span>
     <span class='ocr_line' id='line_1_28' title="bbox 396 2374 1801 2439; baseline 0.001 -20"><span class='ocrx_word' id='word_1_203' title='bbox 396 2384 504 2419; x_wconf 82' lang='lat' dir='ltr'>runt</span> <span class='ocrx_word' id='word_1_204' title='bbox 537 2391 646 2420; x_wconf 87' lang='lat' dir='ltr'>cum</span> <span class='ocrx_word' id='word_1_205' title='bbox 676 2374 891 2420; x_wconf 86' lang='lat' dir='ltr'>curribus</span> <span class='ocrx_word' id='word_1_206' title='bbox 927 2385 971 2420; x_wconf 91' lang='lat' dir='ltr'>et</span> <span class='ocrx_word' id='word_1_207' title='bbox 1013 2375 1152 2421; x_wconf 71' lang='lat' dir='ltr'>variis</span> <span class='ocrx_word' id='word_1_208' title='bbox 1184 2375 1486 2439; x_wconf 82' lang='lat' dir='ltr'>apparatibus</span> <span class='ocrx_word' id='word_1_209' title='bbox 1519 2375 1658 2435; x_wconf 80' lang='lat' dir='ltr'>belli,</span> <span class='ocrx_word' id='word_1_210' title='bbox 1699 2392 1801 2438; x_wconf 84' lang='lat' dir='ltr'>quae</span> 
     </span>
     <span class='ocr_line' id='line_1_29' title="bbox 398 2452 1802 2517; baseline 0.003 -22"><span class='ocrx_word' id='word_1_211' title='bbox 398 2452 632 2497; x_wconf 87' lang='lat' dir='ltr'>numerari</span> <span class='ocrx_word' id='word_1_212' title='bbox 655 2452 728 2498; x_wconf 76' lang='lat' dir='ltr'>vix</span> <span class='ocrx_word' id='word_1_213' title='bbox 753 2453 1032 2516; x_wconf 89' lang='lat' dir='ltr'>potuissent.</span> <span class='ocrx_word' id='word_1_214' title='bbox 1066 2453 1401 2498; x_wconf 83' lang='lat' dir='ltr'>AEstimabatur</span> <span class='ocrx_word' id='word_1_215' title='bbox 1426 2464 1585 2498; x_wconf 86' lang='lat' dir='ltr'>autem</span> <span class='ocrx_word' id='word_1_216' title='bbox 1616 2454 1802 2517; x_wconf 83' lang='lat' dir='ltr'>expedi-</span> 
     </span>
     <span class='ocr_line' id='line_1_30' title="bbox 400 2529 1801 2592; baseline 0.003 -22"><span class='ocrx_word' id='word_1_217' title='bbox 400 2536 555 2572; x_wconf 86' lang='lat' dir='ltr'>torum</span> <span class='ocrx_word' id='word_1_218' title='bbox 600 2544 827 2574; x_wconf 87' lang='lat' dir='ltr'>numerus</span> <span class='ocrx_word' id='word_1_219' title='bbox 863 2545 1007 2592; x_wconf 84' lang='lat' dir='ltr'>supra</span> <span class='ocrx_word' id='word_1_220' title='bbox 1050 2529 1363 2592; x_wconf 85' lang='lat' dir='ltr'>quadraginta</span> <span class='ocrx_word' id='word_1_221' title='bbox 1404 2529 1548 2575; x_wconf 89' lang='lat' dir='ltr'>millia</span> <span class='ocrx_word' id='word_1_222' title='bbox 1591 2531 1801 2576; x_wconf 85' lang='lat' dir='ltr'>virorum</span> 
     </span>
     <span class='ocr_line' id='line_1_31' title="bbox 398 2606 1799 2670; baseline 0.004 -24"><span class='ocrx_word' id='word_1_223' title='bbox 398 2612 562 2665; x_wconf 80' lang='lat' dir='ltr'>praeter</span> <span class='ocrx_word' id='word_1_224' title='bbox 597 2607 914 2664; x_wconf 81' lang='lat' dir='ltr'>carrucariOS,</span> <span class='ocrx_word' id='word_1_225' title='bbox 958 2606 1159 2652; x_wconf 86' lang='lat' dir='ltr'>fossores</span> <span class='ocrx_word' id='word_1_226' title='bbox 1198 2616 1243 2652; x_wconf 91' lang='lat' dir='ltr'>et</span> <span class='ocrx_word' id='word_1_227' title='bbox 1284 2617 1567 2653; x_wconf 84' lang='lat' dir='ltr'>mercatores</span> <span class='ocrx_word' id='word_1_228' title='bbox 1598 2608 1701 2670; x_wconf 84' lang='lat' dir='ltr'>qui,</span> <span class='ocrx_word' id='word_1_229' title='bbox 1742 2606 1799 2651; x_wconf 89' lang='lat' dir='ltr'>ad</span> 
     </span>
     <span class='ocr_line' id='line_1_32' title="bbox 397 2687 1800 2734; baseline 0.004 -9"><span class='ocrx_word' id='word_1_230' title='bbox 397 2697 638 2727; x_wconf 87' lang='lat' dir='ltr'>annonam</span> <span class='ocrx_word' id='word_1_231' title='bbox 673 2694 717 2729; x_wconf 88' lang='lat' dir='ltr'>et</span> <span class='ocrx_word' id='word_1_232' title='bbox 752 2695 939 2732; x_wconf 78' lang='lat' dir='ltr'>caeteras</span> <span class='ocrx_word' id='word_1_233' title='bbox 976 2703 1048 2732; x_wconf 86' lang='lat' dir='ltr'>res</span> <span class='ocrx_word' id='word_1_234' title='bbox 1081 2687 1364 2734; x_wconf 85' lang='lat' dir='ltr'>necessarias</span> <span class='ocrx_word' id='word_1_235' title='bbox 1387 2687 1611 2732; x_wconf 77' lang='lat' dir='ltr'>exercitui</span> <span class='ocrx_word' id='word_1_236' title='bbox 1635 2687 1800 2733; x_wconf 82' lang='lat' dir='ltr'>minis·-</span> 
     </span>
     <span class='ocr_line' id='line_1_33' title="bbox 400 2757 1740 2817; baseline 0.004 -16"><span class='ocrx_word' id='word_1_237' title='bbox 400 2757 621 2804; x_wconf 84' lang='lat' dir='ltr'>trandum</span> <span class='ocrx_word' id='word_1_238' title='bbox 639 2795 650 2817; x_wconf 77' lang='lat'><em>⁷</em></span> <span class='ocrx_word' id='word_1_239' title='bbox 677 2759 756 2804; x_wconf 85' lang='lat' dir='ltr'>illo</span> <span class='ocrx_word' id='word_1_240' title='bbox 777 2761 837 2805; x_wconf 88' lang='lat' dir='ltr'>ad</span> <span class='ocrx_word' id='word_1_241' title='bbox 862 2763 1121 2809; x_wconf 82' lang='lat' dir='ltr'>maximum</span> <span class='ocrx_word' id='word_1_242' title='bbox 1144 2780 1394 2809; x_wconf 86' lang='lat' dir='ltr'>numerum</span> <span class='ocrx_word' id='word_1_243' title='bbox 1417 2763 1740 2809; x_wconf 84' lang='lat' dir='ltr'>adventarant.</span> 
     </span>
    </p>
   </div>
  </div>
 </body>
</html>
