2037 3442
715 293 861 328 LIBER
888 292 1116 338 QUINTUS.
1544 290 1617 325 319

216 390 369 421 sacras
388 372 595 437 synodos
609 374 1019 420 Constantiensern
1043 383 1088 419 et
1109 372 1436 429 Basileensem‚
1456 371 1619 417 obser-

216 453 371 499 vanda
393 453 438 497 in
464 469 610 513 regno
643 468 729 497 suo
755 461 800 497 et
831 451 1144 514 Delphinatu,
1175 469 1283 497 curn
1305 450 1503 496 consilio
1523 466 1620 495 ma-

211 530 328 591 joris
352 545 405 574 ac
424 529 621 574 sanioris
641 528 784 591 partis
801 527 1102 590 praelatorum
1126 539 1170 574 et
1195 529 1306 574 cleri
1329 528 1474 574 totius
1494 529 1624 589 regni

217 607 313 663 sui,
341 614 387 650 et
417 621 606 650 assensu
629 604 900 666 principum
924 605 1164 665 sanguinis
1196 606 1267 650 sui
1293 622 1346 651 ac
1371 622 1625 668 procerum

218 681 426 744 ejusdem
446 680 601 743 regni,
620 679 707 725 sub
728 681 971 726 sanctione
989 681 1276 743 pragmatica
1292 681 1470 744 recepit
1485 691 1623 744 atque

217 757 425 804 decrevit
448 775 456 802 :
486 756 584 803 sola
614 758 931 803 reservatione
953 756 1012 802 de
1043 756 1329 802 beneficiatis
1352 756 1628 802 cedentibus

216 831 292 878 vel
326 830 661 877 decedentibus
693 830 822 894 apud
860 829 1168 894 apostolicam
1190 829 1351 875 sedem
1370 867 1381 887 ,
1412 832 1627 875 Romano

216 907 430 972 pontifici
452 916 689 954 reservata
710 908 778 970 (in
803 908 979 953 caeteris
1003 908 1148 965 enim,
1177 906 1481 966 electoribus,
1512 923 1628 952 con-

220 984 569 1044 firmatoribus,
609 983 915 1031 collatoribus
949 994 993 1030 et
1028 984 1239 1048 patronis
1279 984 1625 1045 ecclesiasticis,

220 1063 483 1109 secundnm
509 1062 711 1108 formam
729 1062 846 1124 juris
871 1071 916 1108 et
938 1062 1242 1125 antiquorum
1265 1077 1530 1121 canonum,
1553 1062 1630 1123 jus

220 1157 359 1186 suum
382 1140 633 1202 integrum,
652 1149 702 1185 ut
720 1140 838 1185 ratio
859 1139 1022 1199 dictat,
1041 1138 1334 1201 servabatur)
1353 1159 1364 1197 3
1391 1148 1438 1185 et
1457 1155 1511 1185 ex
1536 1138 1631 1185 hoc

220 1217 348 1279 regia
369 1217 459 1275 lex,
484 1218 580 1262 imo
601 1217 752 1263 verius
771 1215 1110 1275 ecclesiastica,
1133 1215 1367 1262 saecularis
1387 1216 1631 1280 potestatis

219 1293 455 1356 adjutorio
476 1294 664 1341 suffulta
679 1310 733 1340 ac
749 1293 991 1350 roborata,
1013 1293 1155 1355 vulgo
1175 1314 1197 1336 «
1214 1294 1508 1356 Pragmatica
1526 1310 1632 1340 san-

219 1371 312 1417 ctio
340 1390 361 1414 »
389 1371 664 1435 appellata¹.

285 1450 355 1495 Ad
379 1466 484 1496 eam
516 1467 630 1496 vero
667 1449 953 1496 abolendam
989 1460 1035 1496 et
1074 1449 1383 1496 restituendas
1419 1450 1633 1498 Ecclesiae

224 1530 444 1573 Romanae
464 1527 805 1574 reservationes
821 1563 832 1584 ,
849 1527 925 1590 jus
945 1528 1310 1574 Ordinariorum
1328 1528 1535 1592 quadam
1555 1547 1634 1577 ve-

220 1604 288 1651 lut
310 1605 554 1667 tyrannica
577 1614 807 1668 potestate
831 1621 885 1651 ac
909 1605 954 1650 vi
980 1605 1157 1667 majore
1181 1605 1399 1651 tollentes
1423 1616 1468 1651 et
1491 1623 1634 1652 occu-

221 1691 411 1746 pantes,
448 1699 547 1728 non
578 1682 741 1746 paucis
774 1681 936 1728 referri
967 1683 1114 1745 possit
1144 1683 1329 1745 quoties
1362 1682 1540 1745 legatos
1575 1683 1634 1730 ad

223 1760 401 1806 dictum
420 1776 579 1821 regem
605 1761 845 1805 Romanus
862 1759 1069 1822 pontifex
1093 1759 1371 1818 destinavit,
1395 1777 1524 1806 nunc
1543 1777 1636 1806 car-

223 1837 400 1884 dinales
418 1873 430 1896 ⁷
475 1852 605 1882 nunc
646 1836 893 1881 inferiores
929 1836 1173 1900 praelatos;
1219 1845 1338 1898 quot
1375 1848 1636 1884 conventus

224 1913 439 1959 Ecclesiae
463 1923 507 1958 et
531 1912 643 1959 cleri
667 1912 897 1958 Gallicani
920 1912 1049 1958 idem
1077 1929 1157 1958 rex
1189 1912 1252 1958 ob
1286 1913 1410 1960 hanc
1446 1931 1635 1961 causam

224 1991 271 2036 in
288 1990 426 2036 variis
441 2006 494 2035 ac
509 1990 703 2036 diversis
722 1989 1014 2053 temporibus
1032 1988 1262 2036 celebrari
1278 1990 1439 2037 fecerit
1459 1991 1636 2038 Rotho-

226 2067 368 2130 magi,
386 2067 579 2113 Carnoti
604 2075 649 2112 et
671 2067 841 2112 iterum
862 2067 1118 2124 Bituricis‘2‚
1139 2077 1185 2112 et
1205 2067 1251 2112 in
1271 2067 1370 2113 aliis
1394 2068 1637 2114 nonnullis

226 2146 357 2192 locis.
377 2145 469 2191 Sed
493 2154 673 2208 quanto
698 2144 843 2206 magis
866 2145 914 2189 in
935 2144 1154 2190 eamdem
1178 2145 1520 2207 Pragmaticam
1546 2148 1639 2190 Ro-

227 2241 367 2271 mana
390 2223 520 2270 curia
554 2222 748 2285 ejusque
786 2223 990 2269 fautores
1025 2223 1289 2286 impingere
1324 2232 1635 2279 conarentur,

228 2313 359 2349 tanto
384 2302 565 2348 firmior
588 2312 727 2364 atque
763 2301 958 2347 solidior
983 2301 1239 2347 resultabat
1274 2301 1399 2364 ipsa,
1424 2301 1636 2363 justitiae,

226 2381 453 2445 aequitatis
472 2417 483 2439 ,
508 2379 769 2426 honestatis
793 2395 847 2425 ac
875 2379 1265 2426 manifestissimae
1288 2378 1491 2443 publicae
1514 2379 1639 2425 utili-

281 2554 318 2589 ’1.
349 2552 402 2588 Le
422 2558 523 2588 texte
543 2558 599 2587 est
617 2547 710 2586 dans
727 2546 762 2586 le
783 2549 931 2586 Recueil
951 2549 1015 2583 (les
1036 2549 1147 2593 Ord„
1165 2555 1191 2584 t.
1214 2549 1324 2596 XIII,
1344 2562 1384 2599 p,
1404 2548 1497 2589 267,

279 2613 318 2648 2.
351 2608 570 2647 Assemble'e
595 2609 647 2646 du
668 2608 808 2659 clerge,
831 2609 852 2645 ὸ.
872 2610 1029 2654 Rouen,
1052 2619 1099 2644 en
1117 2606 1268 2654 janvier
1296 2609 1395 2645 1450
1415 2610 1642 2655 (Thesaurus

226 2672 415 2717 anecdot„
433 2672 471 2717 Ι,
488 2670 606 2717 1818)
618 2683 628 2716 3
648 2670 668 2705 a
692 2667 883 2716 Chartres,
905 2679 953 2703 en
979 2665 1054 2702 mai
1077 2667 1180 2703 1450
1201 2668 1345 2714 (Gallia
1366 2667 1519 2714 Christ„
1537 2669 1639 2715 VIII,

229 2731 368 2777 1184);
384 2730 404 2764 a
421 2730 605 2777 Bourges,
623 2739 722 2777 pour
737 2726 772 2764 la
789 2724 953 2764 seconde
968 2724 1055 2775 fois,
1070 2738 1118 2763 en
1132 2725 1347 2777 septembre
1363 2728 1465 2765 1440
1479 2730 1645 2775 (Recueil

229 2791 294 2826 des
317 2789 429 2835 Ord„
443 2788 560 2834 XIII,
581 2787 688 2834 267).
