2037 3442
353 279 426 315 328
727 277 1068 313 HISTORIARUM
1096 277 1276 313 CAROLI
1302 279 1370 313 VII

350 375 477 405 scere
511 367 756 422 poterunt,
795 357 1026 402 tributum
1058 367 1103 403 et
1138 359 1348 403 militiam
1388 368 1538 405 tantas
1573 376 1626 406 ac
1655 370 1749 406 tam

351 451 512 496 graves
537 434 673 479 simul
696 434 867 496 jugiter
891 434 1138 479 tolerando
1163 444 1208 479 et
1229 435 1521 481 sustinendo.

418 513 470 555 Et
489 510 588 555 haec
614 510 672 555 de
696 510 835 555 rebus
859 527 883 556 a
908 511 1078 556 Carolo
1102 514 1182 556 Vll
1208 521 1253 556 et
1275 528 1359 557 suo
1385 522 1597 576 tempore
1618 513 1754 575 gestis

350 586 558 632 retulisse
586 586 848 644 suffecerit3
878 603 993 649 quas
1018 588 1245 650 singulas,
1274 605 1533 651 omnesque
1557 590 1756 652 particu-

350 662 470 707 lares
492 662 740 708 conflictus
764 673 1081 723 armatorum,
1107 674 1247 727 atque
1269 665 1506 710 civitatum
1529 682 1610 711 seu
1630 666 1756 711 loco-

351 756 457 784 rum
496 738 793 799 obsidiones,
836 741 1209 804 expugnationes
1246 751 1291 787 et
1329 742 1642 805 direptiones,
1684 759 1754 788 re-

353 815 471 861 ferre
506 816 698 861 minime
732 818 1050 880 suscepimus3
1089 834 1199 863 nam
1228 817 1346 877 hoc,
1377 819 1541 881 procul
1579 819 1752 877 dubio,

352 893 554 957 plurima
592 903 637 939 et
686 909 856 957 magna
893 895 1137 941 volumina
1177 907 1465 959 exposceret.
1519 898 1610 943 Sed
1655 915 1757 961 quae

353 971 567 1033 graviora
608 981 749 1034 atque
784 972 1036 1019 illustriora
1073 973 1316 1037 relatuque
1355 983 1400 1019 et
1432 975 1658 1020 memoria
1692 975 1759 1020 di-

354 1047 519 1109 gniora
560 1048 904 1111 reputavimus,
953 1048 1063 1094 huic
1108 1060 1278 1096 nostrae
1317 1051 1522 1096 historiae
1560 1052 1758 1096 inserui-

355 1141 474 1170 mus.
517 1127 581 1170 Ex
618 1125 791 1187 quibus
826 1126 934 1171 satis
964 1126 1144 1190 liquido
1183 1137 1369 1173 constat
1406 1144 1547 1189 quam
1582 1128 1758 1174 lubrica

354 1218 593 1266 quamque
626 1202 797 1264 fragilis
829 1213 874 1248 et
905 1205 1131 1250 versatilis
1163 1205 1221 1249 sit
1251 1204 1566 1250 humanarum
1602 1222 1759 1250 rerum

354 1280 592 1337 conditi0,
624 1288 668 1324 et
695 1289 925 1340 quantum
951 1297 978 1326 a
1002 1297 1114 1326 vero
1139 1281 1358 1327 aberrent
1381 1292 1519 1344 atque
1544 1282 1756 1341 devient,

356 1357 436 1419 qui
484 1356 746 1401 felicitatem
785 1357 833 1402 in
876 1357 1117 1404 bonorum
1159 1360 1493 1422 temporalium
1533 1377 1761 1422 quorum-

355 1447 559 1494 cumque
590 1431 843 1496 adeptione
873 1445 1054 1497 ponant
1082 1445 1223 1498 atque
1252 1437 1566 1495 constituant,
1601 1446 1645 1482 et
1676 1454 1763 1500 po-

356 1510 532 1556 tissime
573 1526 830 1571 regnorum
871 1521 916 1556 et
960 1512 1270 1575 imperiorum
1312 1529 1614 1575 magnorum,
1662 1530 1763 1576 quae

355 1603 600 1650 nunquam
639 1596 819 1632 certum
851 1598 895 1633 et
926 1589 1138 1650 quietum
1174 1600 1347 1635 statum
1377 1589 1588 1635 habent:
1623 1599 1765 1653 prout

357 1672 453 1710 tam
478 1664 525 1709 in
552 1664 639 1709 isto
670 1663 841 1709 Carolo
871 1667 1189 1722 Francorum,
1216 1683 1358 1729 quam
1381 1667 1428 1711 in
1454 1676 1625 1729 nepote
1649 1683 1760 1720 suo,

358 1740 614 1802 Anglorum
641 1739 851 1802 regibus,
879 1740 1143 1788 luculenter
1167 1759 1222 1788 ex
1245 1743 1340 1802 his,
1366 1760 1468 1806 quae
1491 1742 1761 1800 retulimus,

356 1817 577 1862 innotuit.
618 1819 673 1862 Et
709 1817 922 1880 profecto
959 1819 1006 1863 in
1047 1819 1216 1865 Carolo
1258 1820 1437 1883 optime
1477 1819 1764 1865 verificatum

356 1901 541 1939 constat
562 1892 676 1938 illud
698 1894 1006 1955 Virgilianum
1035 1913 1046 1940 ι

501 2005 635 2046 Multa
660 2005 747 2047 dies
768 2007 988 2063 variusque
1012 2007 1132 2048 labor
1156 2008 1368 2049 mutabilis
1393 2009 1467 2048 aevi

504 2077 679 2117 Rettulit
700 2078 742 2117 in
766 2078 913 2119 melius
928 2110 938 2130 ,
965 2080 1118 2120 multos
1143 2078 1301 2120 alterna
1325 2080 1504 2120 revisens

506 2148 651 2200 Laesit,
678 2159 720 2189 et
742 2149 785 2188 in
809 2149 944 2190 solido
966 2165 1106 2191 rursus
1129 2149 1297 2190 fortuna
1319 2149 1500 2203 locavit;

357 2254 396 2298 si
428 2264 582 2300 tamen
615 2255 821 2300 solidum
853 2256 1012 2317 aliquo
1045 2257 1191 2302 modo
1225 2257 1317 2303 dici
1351 2258 1518 2320 possit,
1552 2258 1684 2321 quod
1719 2259 1765 2302 in

358 2339 488 2376 tanta
524 2331 818 2378 fluxibilitate
844 2342 985 2395 atque
1019 2333 1446 2381 inconstantissima
1476 2352 1634 2380 rerum
1666 2352 1767 2381 mu-

360 2407 586 2454 tabilitate
609 2409 748 2454 situm
776 2419 918 2472 atque
943 2409 1150 2455 locatum
1176 2421 1260 2456 est.

508 2561 760 2585 HISTORIARUM
783 2563 832 2585 DE
851 2563 962 2587 REBUS
985 2563 1006 2586 A
1032 2564 1175 2588 CAROLO
1198 2565 1372 2598 SEPTIMO,
1394 2565 1616 2588 FRANCORUM

610 2627 728 2660 REGE,
754 2628 799 2650 ET
821 2628 890 2650 SUO
913 2628 1102 2662 TEMPORE,
1126 2630 1165 2653 IN
1188 2629 1322 2653 GALLIA
1338 2647 1347 2663 5
1373 2630 1518 2663 GESTts,

782 2693 891 2715 LIBER
918 2693 1080 2722 QUINTUS
1111 2695 1154 2716 ET
1189 2695 1350 2717 tL'rIMUS

869 2757 1040 2780 EXPLICIT
1061 2758 1265 2782 FELICITER.
