2037 3442
722 306 866 342 LIBER
893 305 1120 352 QUINTUS.
1547 309 1619 344 :307

223 385 403 433 dictum
425 387 545 449 regis
569 386 720 433 filium
744 405 843 434 non
873 389 1051 451 ingrate
1087 388 1276 436 fovebat
1305 399 1350 436 et
1380 390 1618 450 servabat,

221 479 320 508 non
365 464 496 510 facile
536 475 758 527 reputans
802 482 988 527 regem,
1041 465 1269 528 quamdiu
1308 466 1384 512 tali
1425 468 1623 531 pignore

224 539 342 585 foret
378 540 609 598 munitus,
641 540 821 586 bellum
864 551 1029 586 contra
1069 558 1117 587 se
1161 543 1386 588 inchoare
1417 545 1620 603 audere,

222 626 511 662 metuentem
564 616 688 679 (non
726 616 809 662 ahs
835 617 917 679 re)
947 634 1036 677 ne,
1086 617 1165 663 uhi
1211 618 1304 664 1106
1344 629 1619 682 attentaret,

223 708 391 754 magna
432 708 540 755 pars
565 692 743 738 ducum
765 703 812 740 et
836 692 1039 739 militum
1066 711 1262 740 suorum
1285 695 1342 741 ad
1368 695 1516 743 filium
1549 699 1626 744 (16-

221 768 394 815 ficeret.

288 850 348 892 Ut
369 856 525 894 autem
550 857 780 893 armatam
802 846 1010 893 validam
1044 863 1125 893 rex
1149 847 1210 893 ad
1240 848 1466 895 auxilium
1501 853 1626 896 Hen-

221 927 304 973 rici
327 927 535 990 ejusdem
557 928 742 974 mittere
768 937 950 991 posset,
984 945 1039 973 ex
1062 929 1285 992 Hispania
1308 939 1417 976 octo
1437 930 1536 992 jam
1554 932 1628 977 vel

221 1003 387 1050 decem
420 1021 563 1051 naves
602 1005 839 1051 onerarias
862 1005 1089 1050 maximas
1122 1006 1171 1051 in
1194 1007 1370 1052 ostium
1403 1009 1628 1070 Sequanae

220 1082 393 1129 adduci
412 1083 599 1141 fecerat,
621 1082 817 1129 classem
832 1082 1170 1146 undecumque
1191 1100 1443 1147 aggregare
1460 1086 1507 1131 in
1529 1086 1629 1132 dies

221 1170 458 1222 satagens,
498 1169 550 1205 ut
584 1159 745 1223 (quod
779 1160 880 1224 ipse
913 1160 1115 1205 maxime
1153 1160 1337 1207 efficere
1377 1162 1631 1226 euplebat)

219 1235 374 1282 eidem
397 1252 484 1282 suo
506 1237 668 1300 nepoti
692 1237 932 1284 auxiliaria
956 1237 1122 1283 solatia
1140 1238 1418 1302 impartiret.

691 1413 1027 1460 CAPITULUM
1060 1415 1158 1458 XX.

290 1532 447 1567 Defectio
463 1533 692 1568 Januensium
706 1560 715 1577 ,
733 1542 767 1568 et
783 1533 966 1580 quomodo
983 1534 1110 1568 Franci
1125 1533 1313 1568 infeliciter
1330 1546 1410 1568 cum
1428 1534 1559 1569 eisdem

792 1602 1049 1640 pugnaverunt.

282 1696 430 1739 Porro
468 1702 514 1740 et
550 1693 725 1740 eisdem
768 1693 1066 1757 temporibus
1106 1694 1287 1756 regium
1322 1693 1477 1740 Caroli
1510 1695 1631 1758 regis

221 1771 430 1817 animum
463 1780 748 1835 occupatum
777 1780 1033 1833 utcumque
1065 1770 1308 1816 detinebat
1330 1770 1530 1816 defectio
1557 1775 1632 1818 Ja-

221 1848 491 1894 nuensium.
514 1851 631 1895 Nam
652 1865 761 1894 cum
787 1848 928 1893 unius
952 1847 1095 1911 partis
1112 1847 1288 1893 civium
1308 1847 1512 1894 factione
1532 1865 1632 1895 sese

220 1926 343 1987 regi,
387 1942 469 1988 per
503 1926 684 1989 aliquot
716 1936 822 1972 ante
858 1941 1033 1984 annos,
1070 1924 1417 1971 subdidissent¹
1453 1936 1499 1972 et
1532 1927 1631 1989 ejus

220 2001 484 2065 paruissent
505 2002 729 2065 imperio,
758 2002 957 2064 contigit
981 2011 1033 2047 ut
1057 2001 1185 2048 idem
1206 2018 1315 2060 rex,
1342 2002 1423 2064 qui
1447 2002 1540 2048 illic
1566 2003 1628 2048 ol)

220 2077 416 2124 tutelam
456 2078 654 2123 civitatis
694 2088 834 2141 atque
868 2078 1070 2124 dominii
1107 2079 1179 2124 sui
1216 2088 1398 2124 certum
1428 2079 1628 2125 militum

221 2172 473 2200 numerum
504 2155 766 2212 locaverat,
791 2156 991 2218 vectigal
1016 2156 1262 2220 quoddam
1285 2173 1367 2202 seu
1401 2156 1629 2203 tributum

220 2233 281 2279 ad
318 2232 553 2296 stipendia
592 2233 703 2296 ipsis
743 2233 958 2279 facienda
995 2234 1223 2280 militibus
1265 2235 1313 2279 in
1358 2234 1543 2280 civitate
1585 2244 1631 2281 et

219 2310 463 2373 adjacente
501 2311 652 2374 patria
694 2310 1014 2373 colligendum
1046 2327 1074 2358 a
1113 2311 1292 2357 civibus
1335 2321 1626 2374 exposceret.

220 2387 364 2444 Quod
406 2404 515 2433 cum
554 2404 672 2449 aegre
706 2388 831 2434 cives
874 2388 1077 2448 ferrent,
1115 2388 1241 2434 illico
1274 2397 1326 2434 ut
1358 2405 1443 2452 per
1477 2390 1630 2452 reglos

220 2465 594 2524 commissarios,
637 2465 719 2528 qui
754 2465 816 2511 ad
849 2465 1137 2512 audiendam
1177 2466 1299 2527 regis
1335 2465 1628 2513 voluntatem

219 2543 418 2590 civitatis
437 2542 670 2606 populum
688 2553 1025 2603 convocarant,
1045 2543 1104 2588 de
1126 2542 1401 2604 hujusmodi
1417 2544 1631 2607 vectigali

220 2637 303 2667 seu
326 2620 502 2667 tributo
523 2620 819 2685 imponendo
843 2621 1054 2684 perorari
1079 2636 1238 2667 orsum
1260 2630 1351 2680 est,
1381 2620 1632 2667 frementes

276 2798 312 2833 1.
345 2797 417 2833 Par
435 2793 471 2832 la
493 2793 632 2832 saction
653 2792 719 2831 des
738 2793 893 2844 Fregosi
908 2822 917 2840 ‚
942 2806 990 2831 au
1010 2794 1107 2832 mois
1126 2792 1174 2832 de
1197 2794 1272 2834 mai
1295 2795 1412 2834 1458.
