2037 3442
764 351 904 390 LIBER
933 355 1155 399 QUINTUS.
1580 351 1653 387 299

260 450 314 479 ac
339 433 638 480 decantatum
664 436 832 491 suerat,
866 435 995 496 quod
1024 434 1315 489 Edoardum,
1346 433 1492 478 filium
1517 450 1654 478 suum

260 510 577 572 impuberem,
608 528 703 556 non
725 528 779 555 ex
798 511 965 555 marito
987 527 1071 555 suo
1098 511 1315 564 Henrico,
1343 509 1422 554 sed
1450 526 1503 553 ex
1521 509 1653 554 adul-

260 587 373 631 terio
394 588 701 650 suscepisseff.
725 590 838 642 Quae
852 586 1154 644 contumelia,
1173 587 1262 631 alta
1278 595 1433 630 mente
1450 595 1649 648 reposta,

257 662 304 707 in
353 663 513 708 odium
562 663 912 709 acerbissimum
955 662 1014 707 ad
1063 662 1282 707 eumdem
1330 663 1549 706 comitem
1595 663 1654 707 de

260 740 480 784 Jlf‘arm'clz
511 750 556 785 et
586 756 773 784 suarum
813 739 1015 783 fautores
1048 738 1252 800 partium
1287 737 1501 782 eamdem
1541 739 1655 799 regi-

257 832 364 861 nam
394 816 780 861 inflammaverat.
818 815 1076 860 Contractis
1100 815 1238 876 igitur
1270 814 1477 876 undique
1507 816 1654 876 copiis

255 909 338 954 per
365 893 540 938 dictum
568 892 804 953 juniorem
841 892 1063 936 comitem
1094 891 1151 936 de
1186 890 1429 949 Warm'clz,
1458 890 1539 952 qui
1564 891 1655 935 cal-

254 969 374 1014 lidus
396 968 656 1015 admodum
687 978 732 1014 et
757 968 976 1013 factiosus
1008 977 1129 1023 erat,
1159 967 1331 1012 auxilio
1356 966 1655 1012 Londonien-

252 1047 373 1090 sium
406 1046 635 1090 maximus
672 1054 718 1090 et
753 1044 1066 1089 validissumus
1101 1044 1329 1088 exercitus
1363 1059 1417 1088 ex
1454 1043 1653 1106 popula-

253 1122 381 1167 ribus
403 1123 640 1185 potissime
658 1121 878 1167 collectus
900 1130 983 1167 est.
1007 1119 1387 1182 Suggestionibus
1409 1121 1584 1183 quippe
1610 1130 1652 1166 et

253 1198 549 1244 suasionibus
593 1200 684 1244 suis
724 1199 984 1244 maximum
1035 1198 1159 1242 idem
1202 1213 1360 1242 comes
1402 1197 1528 1259 apud
1572 1213 1653 1242 eos

252 1274 483 1319 creditum
517 1275 736 1322 habebat.
769 1277 835 1319 Eo
871 1275 1011 1336 igitur
1044 1283 1261 1330 auctore,
1301 1273 1653 1319 Londonienses

250 1351 409 1413 eisque
462 1352 673 1398 foederati
727 1352 1000 1397 Edoardum
1022 1387 1032 1409 ,
1083 1350 1453 1413 primogenitum
1504 1349 1652 1395 filium

250 1428 382 1473 ducis
417 1428 648 1487 Eboraci,
698 1446 839 1491 quem
874 1444 1042 1473 caesum
1080 1428 1219 1472 fuisse
1250 1427 1648 1483 memoravimus,

249 1505 570 1563 accersientes,
592 1506 637 1549 in
656 1521 813 1566 regem
838 1521 976 1548 suum
1003 1503 1170 1565 Anglice
1192 1520 1300 1548 eum
1320 1502 1648 1550 sublimarunt.

250 1583 357 1635 Quo
384 1581 520 1641 facto,
552 1581 774 1626 audacter
805 1592 849 1626 et
881 1581 1092 1626 animose
1123 1581 1180 1625 ad
1215 1579 1549 1625 debellandum
1578 1598 1652 1626 re-

249 1673 352 1717 gem
382 1658 664 1715 Henricum,
691 1659 771 1719 qui
796 1674 905 1703 cum
931 1657 1090 1719 regina
1115 1665 1160 1701 et
1185 1673 1270 1701 suo
1301 1656 1505 1701 exercitu
1530 1657 1654 1703 circa

247 1733 515 1780 Eboracum
539 1751 585 1780 se
610 1734 895 1791 contuierat,
923 1734 1119 1797 profecti
1145 1743 1278 1790 sunt3
1306 1751 1415 1778 cum
1439 1750 1534 1795 quo
1560 1750 1654 1779 cer-

249 1820 404 1857 tamen
440 1812 686 1868 ineuntes,
720 1811 914 1856 absente
948 1819 1103 1856 tamen
1140 1810 1371 1868 Henrico,
1415 1811 1496 1872 qui
1532 1810 1654 1857 iutra

249 1888 421 1933 moenia
466 1889 663 1934 civitatis
712 1888 1019 1934 Eboracensis
1061 1904 1160 1933 sese
1201 1886 1504 1943 continebat,
1544 1904 1653 1932 cum

249 1965 467 2026 utrinque
495 1981 662 2026 magna
690 1966 731 2010 vi
756 1975 801 2010 et
825 1965 1044 2010 atrociter
1074 1973 1337 2027 pugnatum
1370 1973 1516 2021 esset,
1547 1980 1653 2025 par-

250 2039 371 2085 tibus
401 2040 512 2085 dicti
536 2041 741 2087 Edoardi
766 2043 948 2087 noviter
977 2042 1023 2086 in
1049 2058 1249 2103 regnum
1280 2041 1428 2086 evecti
1458 2041 1654 2085 victoria

247 2118 411 2173 cessit,
457 2118 581 2163 caesis
625 2118 828 2180 fusisque
875 2119 1209 2164 Henricianis2.
1255 2121 1380 2163 Inter
1423 2117 1653 2180 plurimos

246 2203 403 2238 autem
441 2195 521 2256 qui
557 2211 612 2239 eo
651 2196 808 2259 przelio
842 2195 1136 2253 ceciderunt,
1176 2194 1346 2239 cecidit
1378 2194 1510 2239 miles
1536 2203 1651 2238 stre·

247 2271 498 2315 nuissimus
521 2281 566 2316 et
591 2271 868 2316 fortissimus
898 2272 1105 2317 Andreas
1130 2271 1351 2333 Trol0p3,
1379 2270 1460 2332 qui
1486 2269 1568 2315 diu
1603 2270 1650 2315 in

246 2348 420 2410 guerris
447 2349 649 2393 Franciae
680 2365 765 2411 pro
788 2364 895 2409 rege
918 2364 1004 2392 suo
1034 2348 1237 2392 Henrico
1260 2347 1498 2405 militarat3
1519 2346 1652 2408 cujus

248 2425 448 2469 maxime
472 2424 724 2479 industria,
752 2424 950 2469 consilio
983 2441 1035 2469 ac
1067 2424 1273 2481 viribus,
1301 2423 1491 2469 duobus
1523 2423 1651 2486 prio-

246 2500 373 2545 ribus
396 2500 563 2563 praeliis
586 2501 813 2546 Henricus
834 2517 915 2546 rex
938 2501 1088 2546 victor
1111 2509 1333 2546 evaserat.

298 2604 335 2640 ’1.
372 2619 387 2633 «
411 2601 686 2652 Ma1·gi·iete,...
713 2614 787 2650 que
808 2615 849 2638 ce
869 2610 991 2639 comte
1018 2602 1232 2649 (Warwick)
1253 2601 1356 2639 avoit
1381 2602 1446 2638 fait
1471 2601 1652 2652 prescher

243 2660 417 2698 ribaulde
433 2691 441 2706 ‚
462 2660 654 2696 mauvaise
676 2660 781 2705 iisse,
808 2669 844 2697 et
860 2673 928 2697 son
948 2661 1005 2697 fils
1023 2661 1209 2699 avoulche
1229 2670 1266 2699 et
1284 2674 1362 2698 non
1382 2661 1438 2698 fils
1459 2661 1506 2699 de
1525 2675 1607 2713 roy.
1631 2679 1646 2696 »

243 2719 490 2765 Cbasteliain,
513 2727 572 2757 1Ll²
593 2720 713 2769 partie
731 2748 740 2762 ,
763 2719 822 2756 ch.
845 2734 944 2758 CCVI.

297 2781 334 2814 2.
367 2778 522 2815 Bataille
547 2778 593 2814 de
612 2781 790 2822 Towton,
814 2780 862 2815 29
884 2792 983 2815 mars
1003 2781 1118 2816 1461.

298 2842 334 2876 3.
367 2839 425 2875 Sir
446 2837 609 2874 Andrew
628 2837 796 2887 Troilop.
