2037 3442
646 289 788 324 LIBER
816 289 1079 325 SECUNDUS.
1512 290 1560 323 45

174 388 258 416 nec
276 381 368 416 tam
386 370 512 417 facile
524 388 576 417 ac
591 371 853 434 frequenter
870 387 895 416 a
918 370 1215 433 praedonibus
1236 371 1457 416 incursari
1472 387 1560 433 po-

174 456 306 505 terat,
337 456 381 493 et
401 447 524 493 culta
547 457 590 493 et
610 447 836 511 populosa
853 447 1092 510 aliquanto
1110 447 1271 492 melius
1286 448 1554 510 permansit,

171 522 274 567 licet
299 525 438 568 etiam
463 523 606 586 plagis
630 524 840 569 maximis
867 540 985 586 saepe
1006 524 1183 580 attrita,
1214 532 1263 568 ut
1286 523 1331 567 in
1359 539 1559 585 sequen-

172 598 293 643 tibus
315 599 480 644 clarius
500 599 757 662 apparebit.

236 675 447 720 Vidimus
472 677 557 738 ipsi
579 677 842 739 Campaniae
860 677 997 721 totius
1016 675 1296 721 vastissimos
1311 691 1461 736 agros,
1489 687 1558 720 to—

172 751 261 796 tius
278 751 450 810 Beleia),
471 752 594 809 Briae,
617 751 1462 808 Casiinati,Carmonensis,Drocensis,
1478 753 1560 795 Ce-

173 826 438 872 nomannia¹
455 835 499 870 et
524 826 705 883 Pertici,
736 825 1063 871 Vellocassium
1080 840 1159 869 seu
1174 823 1554 884 Vulgacinorum,

173 910 264 946 tam
280 903 497 959 Franciae,
516 919 656 965 quam
674 903 980 957 Norinanniae,
1001 901 1410 957 Bellovacensium,
1429 901 1557 945 Cale-

172 981 389 1037 tensium,
416 997 442 1026 a
465 983 675 1043 Sequana
697 997 841 1042 usque
863 980 1097 1025 Ambianis
1122 988 1166 1023 et
1190 977 1553 1034 Abbatisvillam,

171 1056 584 1102 Silvanectensium
600 1093 610 1113 ,
653 1057 951 1101 Suessionum
1002 1065 1044 1100 et
1088 1055 1362 1099 Valisiorum
1411 1071 1557 1115 usque

170 1133 471 1191 Laudunum,
499 1144 543 1179 et
577 1134 695 1179 ultra
717 1149 875 1178 versus
897 1132 1192 1177 Hannoniam
1213 1134 1240 1189 ¹,
1269 1147 1457 1193 prorsus
1480 1131 1558 1176 de-

171 1219 333 1265 sertos,
354 1210 568 1268 incultos,
587 1210 823 1273 squalidos
847 1219 891 1254 et
914 1208 1089 1254 colonis
1115 1207 1333 1265 nudatos,
1356 1208 1556 1254 dumetis

171 1294 214 1329 et
239 1285 364 1330 rubis
389 1286 618 1350 oppletos,
645 1297 782 1348 atque
802 1286 895 1331 illie
920 1286 965 1330 in
992 1285 1225 1348 plerisque
1249 1283 1433 1347 {terrisL
1455 1301 1557 1347 quae

170 1361 228 1406 ad
256 1362 556 1424 proferendas
579 1364 770 1409 arbores
807 1363 1050 1408 feraciores
1083 1361 1334 1419 exsistunt,
1368 1361 1557 1407 arbores

169 1437 214 1481 in
252 1454 429 1483 morem
461 1440 836 1485 densissimarum
871 1438 1089 1484 silvarum
1121 1438 1388 1483 excrevisse.
1417 1438 1558 1500 Cujus

168 1513 378 1575 profecto
402 1517 624 1562 vastitatis
648 1517 834 1578 vestigia
869 1517 914 1560 in
951 1515 1181 1578 plerisque
1214 1515 1350 1571 locis,
1380 1515 1466 1559 nisi
1490 1514 1557 1560 di-

168 1592 275 1637 vina
311 1594 579 1656 propitiatio
618 1594 780 1638 melius
818 1592 1100 1638 consuluerit
1136 1591 1275 1637 rebus
1310 1592 1552 1650 humanis,

168 1669 426 1715 verendum
464 1680 531 1716 est
567 1670 707 1732 longo
742 1687 839 1715 aevo
867 1686 963 1715 esse
997 1669 1219 1714 duratura
1253 1677 1392 1731 atque
1424 1685 1555 1714 man-

167 1761 288 1791 sura.

230 1822 277 1866 Si
305 1822 419 1884 quid
455 1832 612 1868 autem
651 1832 761 1867 tunc
802 1823 845 1866 in
887 1821 1022 1867 dictis
1058 1822 1187 1866 terris
1225 1821 1480 1879 colebatur,
1508 1821 1555 1866 id

167 1898 318 1943 solum
333 1898 472 1945 fiebat
491 1900 535 1944 in
555 1900 732 1944 ambitu
749 1909 792 1944 et
811 1897 1157 1943 continentibus
1170 1898 1284 1943 locis
1294 1899 1550 1956 civitatum,

168 1975 451 2038 oppidorum
489 1993 568 2021 seu
604 1975 923 2032 castellorum,
959 1974 1017 2020 ad
1050 1984 1224 2020 tantam
1262 1975 1550 2032 distantiam,

167 2061 390 2112 quantam
416 2052 474 2097 de
502 2053 618 2097 turri
641 2052 711 2096 vel
736 2051 920 2114 specula
943 2052 1030 2097 alta
1064 2051 1364 2114 speculatoris
1393 2053 1555 2099 oculus

169 2128 411 2189 praedones
431 2129 717 2174 incursantes
733 2128 901 2174 intueri
918 2137 963 2174 et
980 2138 1186 2191 spectare
1203 2129 1454 2192 potuisset3
1476 2130 1555 2192 qui

220 2264 254 2297 1.
289 2278 303 2292 «
320 2261 390 2298 J'ai
409 2275 459 2298 vu
479 2262 526 2298 de
546 2276 624 2299 mes
645 2275 800 2312 propres
820 2276 919 2312 yeux
938 2263 990 2300 les
1010 2270 1130 2299 vastes
1148 2262 1290 2312 plaines
1310 2263 1356 2300 de
1374 2263 1408 2299 la
1423 2263 1555 2300 Cham-

166 2332 302 2369 pagne,
328 2320 422 2357 dela
436 2321 534 2365 Brie,
569 2321 618 2357 du
635 2322 815 2366 Gzstinais,
838 2321 887 2358 du
901 2334 991 2371 pays
1011 2321 1221 2367 Chai-tram,
1247 2321 1297 2357 du
1311 2322 1486 2369 Drouais,
1504 2322 1554 2359 du

165 2381 289 2417 'Maine
324 2389 359 2417 et
391 2380 440 2417 du
475 2382 641 2428 Perche3
663 2382 773 2418 celles
793 2382 840 2419 (lu
870 2382 988 2419 Vexin
1009 2382 1168 2430 franoais
1199 2391 1234 2419 et
1260 2382 1462 2430 normand,
1503 2383 1553 2420 du

165 2439 394 2486 Beauvaisis,
411 2439 460 2476 du
475 2453 567 2490 pays
586 2440 631 2477 de
652 2442 751 2477 Caux
772 2440 903 2491 depuis
922 2441 956 2477 la
974 2440 1231 2489 Seinejusque
1244 2454 1329 2477 vers
1346 2442 1499 2478 Amiens
1518 2450 1555 2479 et

164 2500 377 2545 Abbeville,
412 2501 461 2537 du
483 2502 690 2545 Senlissois,
719 2502 769 2538 du
789 2502 1034 2547 Soissonnais,
1066 2501 1116 2538 du
1140 2503 1278 2549 valois,
1314 2511 1350 2539 et
1384 2511 1486 2539 toute
1518 2503 1553 2539 la

163 2559 314 2595 conti-ee
340 2559 491 2608 jusqu’ii
512 2562 631 2604 Laon,
659 2560 765 2597 voire
792 2562 913 2597 meme
929 2561 1132 2610 jusqu’aux
1155 2560 1352 2597 frontieres
1380 2561 1430 2597 du
1460 2561 1552 2597 Hai-

164 2617 281 2661 nault,
305 2626 374 2654 etc.
406 2635 420 2649 »
447 2618 517 2654 J’ai
536 2619 604 2655 mis
618 2632 664 2655 an
686 2620 820 2670 genitis
835 2620 1019 2669 plusieurs
1043 2619 1107 2656 des
1128 2628 1262 2656 termes
1282 2620 1328 2657 de
1344 2628 1440 2657 cette
1454 2621 1551 2657 enu-

165 2676 347 2713 meration
369 2677 438 2712 mis
459 2679 479 2712 ἐι
499 2677 707 2714 l'accusatif
728 2677 818 2714 dans
840 2678 873 2713 le
895 2677 1114 2721 manuscrit,
1142 2681 1344 2714 Vellocases
1370 2693 1430 2715 seu
1462 2683 1498 2714 V
1496 2683 1552 2716 ul-

163 2738 325 2784 gacl'nos,
344 2740 616 2784 Bt‘lluacenses,
635 2740 852 2774 Caletenses.
