2037 3442
702 313 842 348 LIBER
868 313 1107 359 QUARTUS.
1530 316 1604 349 2⁶25

217 391 411 452 contigit
444 391 676 438 dominica
701 394 776 440 die
802 397 1011 458 proxime
1041 397 1276 459 sequenti,
1315 397 1456 442 modo
1491 414 1606 459 quo-

216 466 324 513 dam
349 468 547 514 mirabili
573 479 617 515 et
635 471 816 532 penitus
836 473 1068 535 insperato
1088 509 1098 530 7
1122 473 1212 518 boc
1230 473 1373 518 modo
1400 473 1606 534 ejusdem

218 543 344 589 urbis
367 545 654 592 deditionem
681 547 778 593 fieri
798 549 890 610 regi
915 552 1214 595 Francorum.

678 738 1012 782 CAPITULUM
1047 738 1144 780 XX.

272 856 321 890 De
346 857 580 891 commotione
608 859 730 905 populi
759 857 1045 903 Rothomagensis
1071 866 1190 891 contra
1215 859 1346 904 Anglos
1362 886 1369 900 ‚
1400 867 1431 892 ot
1458 861 1554 893 urhis

815 916 1007 950 deditione.

279 1030 545 1074 Cumenim
572 1040 689 1075 esset
727 1028 929 1092 populus
947 1065 957 1085 ‚
984 1028 1102 1073 hora
1132 1044 1225 1090 qua
1263 1022 1508 1074 missarum
1541 1046 1614 1075 so-

215 1104 385 1150 lemnia
419 1105 517 1151 fieri
540 1115 908 1163 consueverunt,
935 1121 1020 1168 per
1049 1105 1264 1150 ecclesias
1288 1105 1416 1150 urbis
1441 1105 1614 1150 effusus

216 1190 259 1225 et
293 1181 528 1244 dispersus
547 1186 574 1238 ¹,
602 1199 766 1228 eorum
789 1182 967 1245 plures,
997 1181 1126 1227 sactae.
1150 1197 1177 1226 a
1206 1198 1253 1226 se
1277 1182 1615 1243 conjurationis

214 1257 412 1311 conscii,
436 1268 559 1303 metu
579 1275 632 1303 ac
650 1274 823 1321 pavore
844 1257 1108 1302 incredibili
1127 1257 1424 1303 tenebantur.
1453 1258 1614 1304 Nullus

213 1333 339 1377 enim
363 1333 639 1381 addubitare
663 1335 800 1381 debet
821 1335 949 1397 quod
967 1335 1028 1392 si,
1049 1351 1157 1396 rege
1177 1351 1274 1380 sese
1295 1345 1338 1380 et
1359 1336 1613 1382 exercitum

212 1478 296 1515 dam
318 1479 541 1529 cognomine
560 1481 646 1517 Rufi
659 1483 723 1528 (Le
737 1482 863 1526 Roux)
878 1478 978 1530 apud
999 1493 1213 1530 supremam
1230 1481 1363 1518 Karoli
1384 1481 1611 1529 majestatem

210 1538 352 1575 celeres
378 1552 527 1589 gressus
556 1547 757 1576 maturent.
785 1556 799 1570 >2
824 1538 968 1575 Robert
991 1539 1146 1575 Blondel
1164 1569 1172 1585 ‚
1195 1539 1220 1576 l.
1251 1543 1305 1576 III
1321 1569 1330 1585 ,
1352 1555 1385 1577 c.
1408 1554 1485 1578 le.
1510 1543 1614 1578 Cette

210 1596 448 1643 ambassade‚
466 1599 529 1648 qui
549 1599 691 1636 n'avait
705 1599 785 1636 rien
808 1598 855 1635 de
876 1599 1039 1646 sbrieux,
1062 1599 1117 1634 sut
1132 1612 1205 1635 une
1227 1613 1447 1637 manoeuvre
1469 1600 1519 1637 du
1541 1601 1613 1637 duc

206 1670 305 1706 pour
324 1670 362 1693 se
377 1658 579 1695 soustraire
600 1660 619 1694 Ξι
640 1672 713 1695 une
733 1659 880 1695 emente
900 1671 1088 1695 survenue
1108 1658 1142 1695 le
1158 1658 1372 1696 lendemain
1393 1659 1438 1695 de
1459 1660 1611 1696 l’entre—

208 1716 309 1765 prise
340 1716 405 1753 des
434 1718 637 1766 Francais:
666 1735 679 1749 «
706 1717 891 1766 Deinceps
913 1726 1060 1766 postera
1081 1716 1187 1760 luce,
1212 1717 1348 1767 vulgus
1378 1717 1540 1753 maxima
1572 1717 1610 1752 in

208 1776 330 1825 copia,
345 1775 576 1812 inflammato
596 1776 709 1812 corde
730 1789 858 1821 ruens,
873 1775 977 1811 velut
992 1774 1232 1824 perterritum
1254 1775 1517 1826 urgentissimo
1535 1775 1611 1812 cla-

208 1846 314 1870 more
327 1833 461 1870 (lucem
482 1833 528 1871 de
549 1834 784 1880 Sombressec,
806 1834 903 1870 infra
917 1846 1101 1870 amoenam
1123 1833 1227 1869 urbis
1246 1833 1401 1870 domum
1419 1843 1609 1870 construc-

207 1900 297 1938 tam,
315 1907 391 1930 non
403 1893 516 1944 longe
529 1907 549 1930 a
565 1894 682 1930 muris
701 1901 876 1940 stantem,
892 1892 1125 1944 aggreditur,
1141 1893 1327 1942 patefacto
1340 1894 1467 1930 Gallos
1489 1906 1607 1930 arma-

207 1959 262 1988 tos
282 1965 358 1988 non
378 1952 425 1989 ad
445 1952 564 2002 spolia
590 1952 694 1989 urbis
715 1951 895 2001 rapienda
910 1980 919 1997 ‚
942 1965 1072 1988 verum
1100 1951 1147 1987 ad
1171 1951 1335 1988 hostium
1358 1951 1606 1999 dejectionem

205 2010 429 2049 intrasse....
460 2015 514 2048 Ac
541 2011 637 2057 dux,
664 2019 705 2047 ut
724 2011 899 2060 princeps
924 2010 1105 2047 modestia
1125 2018 1356 2060 temperatus
1379 2023 1421 2047 ac
1442 2010 1480 2046 in
1501 2010 1608 2059 vulgi

207 2070 457 2106 commotione
494 2069 661 2119 prudens
679 2100 688 2116 ‚
725 2070 871 2106 animos
907 2069 1036 2120 populi
1072 2069 1128 2106 ira
1167 2079 1203 2106 et
1239 2078 1401 2106 tremore
1440 2069 1605 2104 concitos

204 2128 371 2165 mulcere
403 2136 439 2164 et
472 2128 622 2178 placare
655 2127 865 2173 arbitrans,
899 2128 1004 2164 dictis
1030 2127 1282 2165 blandissimis
1314 2127 1603 2164 tumultuantem

204 2186 353 2236 plebem
388 2186 660 2236 alloquitur....
697 2187 768 2225 Sed
799 2201 884 2223 cum
913 2187 1097 2237 populum
1128 2187 1402 2224 inexorabilem
1433 2186 1602 2232 videret,

203 2247 391 2283 concitum
418 2261 549 2284 eorum
582 2248 747 2284 furorem
778 2248 920 2284 evitare
947 2256 982 2284 et
1009 2247 1055 2284 ad
1084 2247 1238 2283 heroem
1267 2246 1313 2283 de
1337 2245 1486 2282 Talelmt
1505 2245 1602 2281 infra

203 2314 365 2343 castrum
381 2320 484 2343 suam
497 2320 711 2357 personam,
731 2306 778 2343 ab
795 2306 1025 2356 impendenti
1041 2306 1209 2356 periculo
1230 2313 1412 2355 ereptam,
1429 2305 1602 2340 conferre

203 2366 354 2414 volens,
378 2380 515 2416 equum
543 2367 720 2405 ascendit.
753 2367 952 2417 Extemplo
979 2366 1133 2416 quidam
1159 2365 1250 2402 civis
1276 2364 1414 2401 lanifex
1437 2362 1600 2413 gradarii

202 2424 282 2461 lora
301 2425 550 2475 apprehendit
572 2434 607 2462 et
633 2439 770 2476 equum
797 2426 891 2462 sistit
918 2425 1189 2463 ambulantem.
1214 2427 1300 2460 Dux
1323 2436 1415 2459 vero
1435 2421 1602 2458 infensus

203 2484 387 2520 exclamat
413 2498 419 2519 :
450 2501 466 2517 ιι
489 2483 582 2520 Vide
609 2484 700 2534 quid
728 2493 907 2530 attentas,
935 2484 973 2520 in
999 2483 1208 2533 principem
1238 2481 1438 2530 sacrilegas
1468 2492 1600 2516 manus

202 2542 351 2578 mittens
367 2540 375 2579 l
391 2559 407 2574 υ
431 2545 476 2578 At
494 2542 617 2592 inquit
638 2559 644 2579 :
674 2562 688 2575 <c
708 2547 751 2580 In
777 2552 839 2579 tua
855 2556 1016 2593 persona
1039 2542 1184 2578 nullam
1206 2541 1398 2577 laesionem
1419 2539 1571 2589 patieris
1589 2555 1598 2585 ;

202 2601 267 2638 sed
296 2610 461 2639 retentus
497 2602 687 2650 manebis,
719 2602 860 2650 donec,
893 2615 975 2651 quae
1001 2601 1182 2652 petimus,
1216 2600 1328 2637 nobis
1356 2599 1597 2636 concesseris.

201 2663 277 2697 Nec
297 2670 434 2698 nostrae
454 2661 558 2698 urbis
584 2662 822 2698 eversionem
840 2690 849 2706 ,
878 2674 947 2698 nec
969 2668 1184 2698 nostrorum
1212 2659 1418 2697 liberorum
1444 2658 1600 2695 exitium

201 2721 376 2758 volumus
396 2731 627 2772 exspectare.
654 2739 670 2754 n
699 2722 775 2767 Id.,
800 2721 891 2758 ibid.

255 2783 290 2819 1.
324 2784 376 2818 Le
399 2781 597 2818 dimanche
619 2784 667 2819 ’19
694 2781 849 2819 octobre
871 2783 986 2818 1449.

309 2859 322 2881 1
1397 2846 1445 2881 45
