2037 3442
424 313 495 346 130
788 309 1123 344 HISTORIARUM
1155 312 1329 345 CAROLI
1362 313 1428 345 Vll

418 406 690 454 quanquam
725 405 925 451 corpore
962 404 1160 450 procero
1199 405 1252 433 ac
1299 398 1462 449 vegeto
1501 392 1812 436 communiter

417 484 516 514 esse
536 465 711 522 solent,
739 464 1003 526 pariterque
1024 463 1215 509 robusta
1233 464 1526 509 animositate
1546 465 1683 510 etiam
1708 467 1813 511 satis

417 541 627 589 instructi
655 549 795 603 atque
820 539 962 603 pleni.

482 621 657 663 Eorum
682 626 837 663 autem
861 616 1083 662 dominus
1104 615 1490 678 Burgundionum
1513 615 1622 676 dux,
1649 617 1812 663 videns

417 711 497 740 eos
513 695 572 739 ita
592 693 776 753 abiisse,
796 694 937 739 etiam
955 695 1053 757 ipse
1071 693 1131 739 ad
1144 709 1283 738 suum
1301 692 1540 737 Insulense
1558 694 1784 756 oppidum
1802 699 1811 719 ¹

416 788 464 817 se
488 771 678 834 recepit.
717 770 844 815 lllico
883 780 1039 816 autem
1075 770 1135 815 ad
1165 769 1346 814 dictum
1381 768 1544 814 Calesii
1583 770 1811 832 oppidum

415 864 522 893 cum
552 847 696 893 classe
729 847 998 892 adventavit
1033 846 1125 891 dux
1158 845 1446 904 Glocestriae7
1476 854 1667 908 patruus
1689 848 1812 890 Hen-

414 925 496 970 rici
515 925 633 985 regis
658 933 903 986 tutorque,
928 934 1038 968 tunc
1060 925 1106 968 in
1134 922 1296 984 Anglia
1319 922 1580 983 regnantis3
1606 921 1812 984 quicum
1862 925 1864 927 ’

414 1002 473 1048 ad
510 1002 662 1047 littora
702 1001 990 1047 Calesiorum
1021 1017 1159 1046 suum
1199 1000 1491 1063 deposuisset
1529 1000 1807 1057 exercitum,

412 1079 687 1123 aestimatum
720 1077 780 1122 ad
807 1077 1079 1139 quindecim
1116 1076 1262 1122 millia
1288 1076 1523 1133 virorum,
1556 1086 1652 1121 tam
1682 1076 1811 1138 equi-

413 1164 511 1199 tum
545 1169 687 1214 quam
721 1152 958 1216 peditum,
992 1169 1128 1214 agros
1162 1152 1388 1214 villasque
1412 1151 1636 1197 Flandriae
1662 1169 1812 1215 popu-

410 1229 553 1276 lando
571 1229 965 1291 incendendoque
990 1229 1129 1290 longe
1148 1228 1332 1290 lateque
1348 1229 1559 1273 vastavit.
1592 1231 1676 1273 Per
1696 1228 1811 1273 fines

411 1308 536 1352 enim
556 1306 957 1351 Cassella1101um2
976 1323 1123 1368 usque
1143 1306 1203 1351 ad
1230 1306 1460 1368 oppidum
1483 1306 1619 1368 Ypris
1651 1305 1810 1350 omnia

410 1382 679 1445 diripiendo
695 1392 740 1427 et
757 1381 1012 1427 cremando
1039 1392 1312 1445 pervagatus
1328 1392 1418 1441 est,
1445 1399 1542 1427 non
1569 1382 1810 1426 inveniens

408 1460 488 1522 qui
512 1476 559 1505 se
585 1459 645 1505 ad
673 1459 986 1505 resistendum
1008 1470 1289 1523 opponeret.
1320 1458 1668 1505 Tantummodo
1695 1460 1810 1520 fugae

407 1535 622 1598 praesidio
645 1552 772 1593 sese,
801 1536 882 1598 qui
906 1536 1186 1599 potuissent,
1220 1535 1507 1581 tutabantur.
1537 1535 1678 1591 Quod
1701 1551 1809 1580 cum

408 1613 614 1670 fecisset,
638 1612 878 1658 bonorum
915 1614 1302 1676 captivorumque
1345 1613 1482 1675 copia
1524 1613 1809 1675 permaxima

409 1698 605 1734 onustus
637 1690 950 1751 sarchusque,
977 1689 1037 1734 ad
1069 1691 1261 1752 propria
1290 1690 1539 1735 incolumis
1576 1706 1683 1734 cum
1722 1706 1807 1734 suo

407 1768 610 1812 exercitu
635 1785 682 1813 se
705 1769 896 1830 recepit.

471 1848 526 1889 Et
564 1845 677 1891 tales
712 1845 903 1908 quidem
950 1845 1069 1890 iilius
1113 1862 1289 1908 inagna*
1323 1846 1633 1908 expeditionis
1671 1846 1805 1890 Flan-

405 1923 584 1968 drensis
619 1923 854 1985 profectus
891 1923 1131 1984 exitusque
1170 1922 1323 1982 fuere,
1364 1939 1466 1985 quae
1498 1922 1805 1967 nihilominus

404 2001 543 2046 etiam
563 2000 641 2044 diu
671 2009 774 2062 post
798 1999 1040 2044 turbarum
1067 2015 1119 2044 ac
1143 1998 1454 2049 seditionum
1480 2000 1731 2063 praesertim
1758 2000 1802 2043 in

403 2076 482 2121 iilo
502 2076 669 2137 insigni
688 2075 866 2138 oppido
886 2076 1130 2136 Brugensi,
1150 2076 1387 2121 materiam
1412 2077 1805 2138 occasionemque

404 2153 582 2209 attulit3
613 2151 737 2196 unde
763 2151 1066 2196 incommoda
1090 2161 1129 2196 et
1156 2151 1464 2209 detrimenta,
1493 2169 1595 2214 quae
1616 2152 1804 2198 difficile

404 2228 621 2274 aestimari
662 2238 876 2290 possent,
918 2227 1097 2272 civibus
1140 2229 1230 2273 loci
1265 2238 1427 2291 postea
1465 2240 1798 2292 provenerunt.

402 2308 532 2360 Quae,
554 2321 662 2350 cum
681 2315 807 2350 extra
831 2305 1135 2368 principalem
1156 2315 1326 2350 nostrae
1350 2306 1630 2351 narrationis
1650 2307 1803 2352 inten-

403 2382 579 2426 tionem
615 2399 712 2427 esse
739 2382 1001 2439 videantur,
1031 2382 1165 2427 iatius
1195 2382 1366 2428 reserre
1393 2383 1484 2428 hoc
1522 2384 1626 2429 loco
1657 2385 1803 2429 omit-

407 2468 572 2503 temus.

457 2633 492 2665 1.
526 2633 556 2666 A
578 2630 686 2669 Lille.

453 2689 490 2724 2.
523 2690 574 2725 Le
594 2701 686 2738 pays
707 2688 753 2726 de
773 2690 912 2728 Cassel.
