2142 3473
684 292 829 328 LIBER
858 291 1054 328 PRIMUS.
1522 292 1537 325 1
1549 291 1570 325 5

168 373 297 419 modi
342 373 683 418 immanitatum
729 383 771 419 et
812 372 1160 435 sacrilegiorum
1201 370 1362 417 divina
1395 371 1574 434 justitia

168 450 439 513 dereliquit3
461 465 631 511 magna
643 450 767 495 enim
781 467 887 514 pars
903 466 1085 509 eorum,
1101 449 1290 495 evoluto
1306 464 1451 507 anno,
1471 448 1573 512 ipso

167 537 437 573 sanctorum
466 537 724 589 martyrum
745 527 820 573 die
839 565 849 585 ,
884 544 972 591 pro
998 527 1173 572 meritis
1197 542 1359 590 poenas
1394 524 1574 571 debitas

169 604 386 663 exsolvit,
414 612 466 648 ut
497 604 652 649 statim
689 620 772 649 suo
796 604 904 649 loco
934 603 1247 667 opportunius
1269 601 1568 647 referemus¹.

234 682 395 741 Itaque
423 696 507 743 per
543 696 732 725 omnem
773 681 864 726 fere
900 679 1098 725 Galliam
1136 679 1179 723 in
1217 676 1575 738 Burgundiones

171 756 432 801 Armeniaci
459 756 556 817 (sic
579 756 729 815 enim,
758 766 806 801 ut
840 756 1018 802 dictum
1041 765 1129 814 cst,
1157 754 1270 816 regii
1291 762 1335 798 et
1365 751 1574 797 Aurelia-

172 832 386 877 nensium
427 833 631 895 partium
668 833 872 878 fautores
912 828 1344 890 nominabantur),
1384 837 1430 874 et
1476 827 1575 872 vice

170 923 301 953 versa
335 909 381 952 in
422 909 723 954 Armeniacos
756 907 1135 970 BurgundioneS,
1171 921 1300 951 arma
1330 903 1571 961 ferebant3

171 985 343 1047 pariter
364 1001 476 1030 vero
504 986 746 1048 utriusque
770 985 912 1047 partis
935 982 1172 1045 armigeri,
1200 981 1333 1044 quasi
1368 996 1424 1025 ex
1460 995 1576 1024 con-

172 1060 299 1106 dicto
322 1061 581 1123 conjurati,
618 1061 915 1125 populationi
946 1075 1191 1122 agrorum,
1231 1056 1462 1102 incendiis
1490 1056 1576 1101 vil-

172 1137 321 1181 larum
358 1153 413 1182 ac
451 1137 734 1194 domorum,
777 1136 981 1182 caedibus
1014 1145 1057 1181 et
1096 1134 1271 1198 rapinis
1312 1149 1576 1197 pauperum

172 1213 507 1273 agricultorum
530 1215 876 1276 vigilantissime
908 1211 1233 1259 intendebant.
1263 1213 1330 1255 Ex
1353 1226 1446 1272 qua
1469 1226 1576 1273 per-

170 1290 416 1352 vagatione
451 1301 765 1349 armatorum,
805 1291 886 1354 qui
917 1290 1088 1353 jugiter
1129 1298 1174 1334 et
1210 1287 1391 1351 absque
1430 1287 1576 1333 inter-

172 1366 392 1412 missione
428 1383 563 1429 agros
602 1369 743 1414 totius
782 1367 984 1429 regionis
1022 1364 1385 1430 percursabant,
1427 1374 1473 1409 et
1516 1364 1576 1411 ad

171 1451 425 1488 extremam
453 1460 611 1490 rerum
631 1445 847 1490 omnium
869 1444 1082 1507 inopiam
1113 1458 1336 1505 agrorum
1368 1440 1576 1487 cultores

172 1518 496 1579 deducebant,
526 1530 653 1567 tanta
683 1530 840 1567 secuta
879 1530 947 1566 est
978 1519 1176 1565 vastatio
1196 1556 1207 1578 ,
1234 1527 1308 1575 ut,
1335 1516 1507 1563 relictis
1528 1517 1576 1562 in

172 1594 329 1640 multis
365 1598 494 1658 regni
519 1597 730 1660 partibus
759 1597 879 1659 agris
911 1595 1120 1653 incultis,
1154 1610 1237 1658 per
1260 1593 1441 1639 diversa
1472 1592 1578 1640 loca

172 1682 216 1717 et
250 1673 481 1728 civitates,
506 1674 793 1720 validissima
826 1674 996 1731 fames,
1024 1681 1070 1718 et
1106 1670 1273 1718 exinde
1304 1670 1577 1733 pestilentiae

173 1751 412 1811 maximae,
443 1760 488 1797 et
510 1761 687 1797 mortes
721 1751 971 1797 hominum
1001 1759 1141 1812 atque
1160 1747 1473 1795 animantium
1503 1763 1578 1793 se—

174 1836 291 1872 cutae
316 1827 425 1873 sint.

238 1906 300 1948 Ea
315 1904 455 1949 etiam
473 1912 763 1966 tempestate,
783 1901 909 1965 apud
923 1911 1115 1966 pontem
1133 1897 1574 1955 Sancti-Clodoaldi‚

175 1994 371 2041 magnus
405 1981 653 2026 conflictus
691 1981 812 2025 inter
845 1979 1088 2041 utriusque
1120 1977 1334 2023 factionis
1372 1985 1579 2022 armatos

173 2055 361 2101 habitus
384 2059 491 2102 est2.
522 2060 572 2102 ln
604 2073 700 2119 quo
725 2073 857 2115 cum,
886 2054 1296 2117 Burgundionibus
1318 2052 1578 2117 praevalen-

175 2131 321 2190 tibus,
348 2132 600 2179 adversarii
630 2142 755 2178 retro
786 2149 871 2195 per
902 2140 1097 2195 pontem
1132 2130 1191 2176 ad
1225 2146 1406 2187 arcem,
1434 2144 1578 2191 quam

176 2207 292 2253 inibi
314 2209 563 2267 tenebant,
591 2226 690 2255 sese
714 2210 920 2272 recipere
944 2207 1312 2266 contenderent,
1341 2207 1407 2252 illi
1430 2222 1544 2252 vero
1563 2242 1575 2264 ,

177 2285 257 2346 qui
285 2285 333 2330 in
357 2302 462 2332 arce
487 2296 644 2344 erant,
670 2285 880 2332 videntes
914 2285 1061 2331 caedes
1096 2301 1291 2331 suorum
1329 2292 1469 2346 atque
1506 2282 1580 2328 fu-

229 2458 266 2493 1.
297 2457 393 2491 Tout
412 2468 454 2491 ce
474 2454 538 2504 qui
558 2454 736 2505 precede,
753 2454 934 2506 depuisle
953 2463 1279 2493 commencement
1291 2453 1341 2491 du
1355 2452 1541 2504 chapitre,
1557 2466 1579 2490 a

175 2514 234 2552 ete
254 2514 433 2551 intercale
453 2526 522 2563 par
543 2513 707 2550 Antoine
728 2516 874 2564 Meyer,
897 2514 1163 2552 continuateur
1184 2514 1231 2552 de
1252 2516 1273 2551 J
1277 2526 1415 2564 aeques
1432 2515 1578 2563 Meyer,

176 2575 269 2613 dans
289 2576 343 2612 les
365 2578 533 2611 Annales
545 2577 746 2622 Flandrz'ae,
770 2575 798 2611 l.
823 2578 906 2613 XV.

227 2638 265 2673 2.
297 2629 462 2673 En‘orme
482 2635 785 2674 anachronisme.
807 2636 985 2673 L'affaire
1003 2636 1055 2673 du
1077 2645 1169 2687 pont
1187 2636 1234 2674 de
1254 2635 1501 2676 Saint-Cloud
1516 2643 1582 2673 eut

175 2695 252 2731 lieu
275 2695 310 2732 le
335 2697 382 2732 10
408 2693 617 2732 novembre
644 2696 761 2741 1411,
784 2694 937 2744 lorsque
956 2696 1061 2733 Paris
1081 2696 1170 2733 e'tait
1189 2709 1326 2734 encore
1345 2709 1394 2734 au
1416 2694 1580 2746 pouvoir

178 2753 243 2791 des
266 2754 570 2806 Bourguignons.
593 2753 649 2791 Cf.
672 2756 933 2802 Moxs'rRELET,
954 2755 1020 2792 liv.
1043 2757 1074 2804 I,
1090 2769 1123 2792 c.
1149 2756 1212 2793 87.
