2037 3442
750 283 891 317 LIBER
923 283 1140 319 TERTIUS.
1562 284 1632 320 115

243 365 352 427 tigio
370 366 510 411 totius
534 364 655 410 illius
679 366 820 427 paulo
839 374 944 411 ante
965 366 1334 429 populosissima:
1357 376 1402 412 et
1425 367 1634 431 locuple—

241 442 426 488 tissimae
448 443 608 506 patriae
631 443 826 488 vastatio
853 452 898 489 et
921 442 1149 489 desolatio
1172 454 1422 490 consecuta
1438 454 1521 489 est.
1551 447 1636 490 An-

242 521 345 583 glici
378 521 503 566 enim
540 537 593 566 ex
628 521 821 567 diversis
852 522 965 567 locis
1002 521 1230 567 inferioris
1264 522 1562 567 Normanniae
1591 532 1637 567 et

243 597 438 642 aliarum
460 607 687 642 terrarum
713 598 799 643 sibi
820 597 1157 659 subjectarum,
1184 608 1407 659 tanquam
1432 598 1491 643 ad
1513 614 1637 643 com-

242 691 437 719 munem
460 684 757 719 occurrentes
774 674 978 737 praedam
996 711 1007 732 ‚
1029 674 1199 736 oppida
1217 683 1262 718 et
1277 674 1460 718 castella
1483 675 1635 736 patriae

242 768 345 812 quae
368 750 587 796 tenebant
611 750 835 795 militibus
856 751 1198 814 impleverunt3
1225 750 1306 811 qui
1324 764 1432 794 cum
1458 751 1638 810 magnis

243 825 505 888 agminibus
525 827 723 889 patriam
748 826 872 871 illam
897 836 942 871 et
961 826 1139 887 singula
1161 825 1302 888 ipsius
1319 825 1422 869 loca
1446 842 1638 887 percur-

243 912 414 959 santes,
443 904 601 948 omnia
626 903 747 948 ferro
771 912 848 947 aut
868 903 973 964 igne
996 911 1039 946 et
1058 911 1259 963 utroque
1283 900 1484 964 plurima
1508 901 1640 946 1060-

244 996 348 1025 rum
396 980 607 1043 populati
649 990 783 1036 sunt,
817 995 1141 1041 quoscumque
1180 978 1308 1023 viros
1354 978 1641 1023 invenissem

245 1055 530 1102 trucidantes
568 1057 639 1101 vel
676 1056 882 1118 captivos
916 1055 1155 1100 ducentes.
1192 1055 1309 1110 Qui,
1346 1053 1428 1099 uhi
1469 1053 1639 1116 captivi

242 1132 554 1191 ducebantur,
579 1133 665 1177 nisi
684 1133 858 1194 absque
878 1131 1101 1177 dilatione
1124 1132 1317 1194 petitam
1339 1131 1640 1176 exsolvissent

243 1208 519 1270 pecuniam⁷
548 1208 881 1269 jugulabantur
899 1208 968 1253 vel
992 1206 1388 1270 demergebantur
1419 1208 1466 1252 in
1497 1224 1640 1270 aqua-

244 1299 349 1328 rum
374 1283 647 1344 gurgitibus.
687 1284 776 1329 Sed
807 1282 929 1346 proh
957 1282 1121 1328 dolor!
1153 1300 1240 1329 nec
1272 1283 1332 1329 al)
1367 1283 1444 1330 illa
1476 1285 1641 1348 populi

245 1362 572 1423 persecutione
611 1362 751 1407 etiam
795 1360 954 1406 militia
994 1363 1309 1420 Francorum,
1349 1361 1427 1423 qui
1466 1362 1641 1425 oppida

243 1512 402 1549 estoient
420 1514 441 1549 a
459 1511 711 1557 Tancarville,
728 1511 763 1548 la
783 1523 983 1548 commune
1003 1510 1057 1546 dit
1076 1509 1191 1559 qu'ilz
1212 1509 1407 1546 vouloient
1424 1509 1518 1546 aller
1532 1523 1645 1560 pren-

242 1573 310 1610 dre
333 1570 544 1610 Caudebec.
576 1573 646 1607 Les
674 1569 852 1618 Francois
873 1569 1138 1620 respondirent
1158 1582 1165 1604 :
1191 1587 1205 1600 α
1233 1570 1340 1606 Ceste
1363 1569 1528 1606 semaine
1549 1582 1644 1606 nous

242 1646 359 1670 avons
377 1632 483 1683 prins
508 1645 572 1668 sur
589 1644 660 1667 noz
680 1631 849 1667 ennemis
870 1629 1057 1679 plusieurs
1078 1628 1201 1676 villes,
1220 1636 1257 1664 et
1277 1627 1531 1676 aujourd’huy
1551 1628 1576 1664 il
1592 1637 1646 1665 est

245 1692 459 1737 dimanehe,
482 1691 506 1728 il
525 1705 621 1728 nous
646 1691 738 1727 fault
763 1690 871 1725 louer
891 1688 1003 1725 Dieu.
1037 1704 1052 1718 n
1081 1690 1151 1723 Les
1171 1699 1391 1723 communes
1417 1686 1542 1722 dirent
1567 1699 1642 1723 aux

244 1766 336 1803 gens
357 1751 545 1788 d'armes:
571 1769 586 1784 ι(
607 1753 711 1788 Vous
742 1751 819 1786 ‹⁴:tes
845 1749 1031 1794 traistres;
1057 1760 1152 1784 nous
1178 1760 1204 1796 y
1231 1745 1393 1783 voulons
1420 1745 1527 1782 aller.
1555 1762 1570 1778 n
1598 1749 1644 1782 Et

242 1824 328 1848 sans
345 1811 450 1848 nulle
470 1809 736 1857 deliberation‚
756 1809 981 1859 chargcrcnt
999 1807 1100 1843 leurs
1115 1806 1191 1843 lars
1207 1813 1244 1842 et
1261 1804 1389 1841 vivres
1409 1817 1454 1842 en
1475 1804 1644 1842 chal-ret-

244 1880 298 1908 tes
318 1880 354 1909 et
370 1871 610 1908 marcherent
625 1869 762 1919 jusque
777 1867 914 1917 aupres
934 1866 981 1903 de
1010 1864 1221 1903 Caudebec.
1241 1866 1286 1900 Et
1302 1864 1322 1899 a
1348 1876 1477 1913 passer
1496 1863 1531 1900 16
1551 1872 1643 1914 pont

244 1930 358 1967 d’une
381 1931 518 1968 riviere
542 1930 607 1980 qui
624 1930 733 1967 estoit
754 1929 807 1979 lii,
828 1928 882 1965 les
906 1925 1070 1963 archiers
1093 1925 1139 1962 de
1156 1922 1355 1961 Caudebec
1372 1922 1645 1972 deffendoyent

242 1990 277 2027 le
294 2002 463 2040 passage.
480 1993 744 2041 Longuement
762 2002 801 2025 se
815 1985 1087 2032 deffendirent3
1108 1993 1144 2021 et
1158 1984 1265 2033 ainsy
1280 1982 1394 2033 qu’ilz
1408 1982 1642 2032 tendoyenta

243 2049 400 2100 gaigncr
431 2063 474 2087 66
497 2059 606 2101 pont,
640 2063 718 2101 ung
743 2048 929 2099 capitaine
955 2047 1020 2097 qui
1047 2046 1155 2083 estoit
1181 2052 1290 2095 party
1321 2043 1367 2080 de
1390 2046 1526 2079 Rouen
1546 2056 1643 2093 pour

243 2110 438 2147 renforcer
458 2109 670 2156 caudebec,
685 2110 740 2146 les
757 2108 888 2146 advisa
906 2107 952 2144 de
971 2107 1048 2144 loin
1067 2114 1103 2142 et
1131 2118 1281 2155 envoya
1296 2104 1405 2141 veoir
1423 2103 1533 2153 quelz
1552 2116 1642 2153 gens

244 2171 467 2218 c’estoyent.
488 2172 541 2206 Le
562 2169 765 2219 messaiger
783 2168 854 2204 dist
876 2166 965 2216 qu'il
985 2169 1050 2216 n'y
1073 2165 1176 2203 avoit
1195 2177 1269 2214 que
1286 2164 1322 2200 la
1342 2162 1638 2199 communaulte.

244 2230 296 2264 Le
324 2228 510 2278 capitaine
534 2227 768 2265 chevaulcha
796 2234 873 2263 tant
900 2224 989 2276 qu'il
1010 2224 1063 2261 les
1095 2222 1281 2260 enclouist
1307 2233 1377 2271 par
1408 2219 1577 2256 ‹lerriere
1607 2229 1644 2256 et

244 2286 370 2323 donna
389 2286 703 2324 soubdainement
723 2299 786 2322 sur
800 2285 852 2322 les
871 2283 1055 2322 Cauchois
1067 2281 1132 2331 qui
1152 2281 1199 2318 de
1212 2293 1255 2317 ce
1268 2293 1317 2316 ne
1337 2292 1376 2316 se
1391 2278 1640 2328 donbtoyent‚

241 2358 334 2382 avec
353 2346 464 2383 l’aide
481 2346 528 2382 de
544 2347 654 2383 ceulx
674 2346 721 2382 de
735 2343 946 2390 Caudebec,
961 2343 1026 2393 qui
1044 2342 1238 2393 passerent
1256 2340 1291 2377 le
1305 2347 1409 2390 pont.
1430 2341 1485 2375 En
1505 2351 1580 2388 peu
1597 2338 1643 2375 de

245 2413 364 2455 temps
395 2405 488 2442 celle
517 2404 754 2455 compaignie
782 2412 917 2440 tourna
943 2416 990 2439 cn
1013 2409 1122 2452 grant
1154 2399 1421 2443 desconfiture‚
1451 2405 1487 2434 et
1518 2397 1642 2434 surent

243 2479 405 2517 presque
421 2475 580 2504 [restous
600 2479 702 2503 mors
717 2479 765 2502 ou
786 2465 904 2516 prins,
922 2473 960 2502 et
978 2462 1243 2512 l'entreprinse
1260 2460 1325 2498 des
1337 2459 1522 2497 Cauchois
1543 2472 1644 2496 roni-

242 2538 328 2574 pue.
352 2527 405 2562 La
427 2524 666 2562 malediction
688 2525 741 2561 fut
761 2525 871 2574 apres
889 2523 919 2560 si
949 2521 1091 2574 grande
1112 2534 1159 2557 en
1176 2522 1280 2559 Canx
1301 2532 1374 2569 que
1400 2519 1435 2555 le
1460 2531 1552 2568 pays
1573 2518 1641 2556 de-

241 2597 375 2622 moura
392 2584 562 2621 inliabitc
581 2584 683 2621 en'la
704 2583 789 2633 plus
812 2590 918 2633 part3
941 2590 978 2619 et
996 2581 1153 2618 aulcuns
1172 2580 1238 2630 qui
1256 2583 1458 2628 s'estoycnt
1471 2576 1642 2628 chargies

242 2645 281 2680 es
304 2644 470 2690 navires,
487 2657 634 2681 comme
654 2642 701 2679 ilz
721 2656 759 2679 se
779 2649 987 2692 pensoyent
1007 2640 1174 2685 saulver,
1195 2639 1243 2675 ilz
1258 2636 1548 2689 perirentparle
1563 2637 1639 2673 seu,

240 2704 285 2738 Et
304 2703 360 2739 fut
380 2702 492 2739 chose
511 2702 656 2752 pitense
678 2702 698 2736 ὲ
720 2699 827 2736 veoir
845 2699 875 2736 si
896 2707 1005 2749 grant
1025 2697 1240 2734 desolacion
1258 2710 1405 2734 comme
1426 2697 1451 2733 il
1470 2710 1493 2746 y
1517 2704 1595 2733 eut.
1624 2712 1639 2727 υ

244 2763 449 2811 Chronique
467 2765 514 2799 de
537 2762 783 2807 Normcmclie,
802 2760 825 2797 s.
848 2761 922 2797 184
939 2771 971 2796 r.
987 2757 1152 2806 (Edition
1175 2756 1222 2794 de
1244 2757 1372 2802 1581).
