2037 3442
727 301 868 334 LIBER
893 299 1116 345 QUINTUS.
1552 300 1626 334 275·

230 393 274 429 et
306 360 450 428 multa
474 382 751 428 eorumdem
779 381 917 426 millia
943 396 1081 438 caesa,
1109 382 1284 426 caeteris
1309 382 1390 443 qui
1413 391 1629 444 poterant

232 460 338 521 fuga
367 459 553 522 elapsis,
580 459 626 503 in
659 473 750 520 qua
782 457 1049 519 principalis
1084 457 1294 519 profecto
1328 457 1537 519 ipsorum
1562 473 1632 502 ar-

232 545 412 580 matura
447 551 646 597 spesque
690 533 896 596 reposita
935 531 1198 577 videbatur.
1246 535 1386 591 Nam,
1420 534 1633 594 quamvis

231 611 346 657 alter
379 611 575 656 alterum
604 617 915 672 provocantes
947 616 1085 668 atque
1115 608 1415 653 cohortantes
1447 609 1507 654 ad
1535 627 1634 655 cer-

232 697 412 746 tamen,
451 697 673 748 tanquam
702 695 889 730 strenue
922 683 1186 729 dimicaturi
1213 700 1311 729 esse
1341 695 1632 747 putarentur,

232 764 454 809 audacter
498 764 698 819 exirent,
749 770 795 806 et
839 776 988 822 usque
1035 760 1091 805 ad
1139 760 1296 805 locum
1347 761 1428 806 ubi
1473 763 1638 808 obvios

232 839 463 885 baberent
486 840 644 884 hostes
667 837 892 882 audacter
917 835 1246 898 procederent,
1272 846 1447 896 tamen,
1473 838 1551 883 ubi
1581 840 1640 883 ad

234 917 507 961 conflictum
527 912 946 975 dimicandumque
967 912 1262 967 veniebatur,
1285 914 1497 977 apprime
1515 925 1642 977 terga

235 1002 490 1050 vertentes,
529 1000 573 1036 et
609 990 725 1036 alter
758 1006 898 1052 super
935 990 1133 1035 alterum
1171 990 1423 1034 acervatim
1457 1001 1645 1036 ruentes

236 1086 430 1132 seseque
471 1069 532 1114 ita
573 1067 879 1123 suffocantes,
924 1066 983 1112 de
1028 1066 1156 1111 nulla
1204 1066 1502 1127 defensione,
1548 1070 1644 1115 sola

237 1156 430 1208 excepta
475 1145 606 1205 suga,
654 1143 857 1205 cogitare
899 1142 1235 1188 videbantur&
1284 1143 1418 1189 Unde
1462 1154 1507 1190 et
1547 1147 1644 1209 pari

238 1220 409 1277 modo,
435 1220 569 1265 tertia
590 1220 715 1278 vice,
743 1219 869 1264 caesis
898 1235 1064 1264 eorum
1098 1218 1322 1265 militibus
1347 1220 1529 1279 multis,
1562 1223 1649 1267 fusi

237 1296 478 1358 fugatique
503 1297 692 1341 fuerunt
713 1299 740 1340 ².

301 1372 392 1417 Sed
416 1373 725 1417 nihilominus
751 1388 839 1417 nec
867 1372 931 1417 sic
954 1372 1218 1431 cessabant,
1243 1373 1303 1418 ad
1327 1390 1650 1438 quascumque

237 1449 368 1496 villas
408 1451 576 1498 furtive
614 1449 829 1513 clamque
865 1450 1112 1513 pervenire
1151 1452 1439 1513 potuissent,
1481 1453 1651 1516 praedis

237 1526 574 1589 bonorumque
628 1526 972 1590 direptionibus
1022 1537 1163 1589 atque
1218 1528 1446 1573 incendiis
1491 1530 1652 1574 omnia

239 1602 476 1648 defoedare
494 1613 539 1649 et
555 1613 761 1661 vastare3
783 1603 953 1661 donec,
970 1604 1250 1649 adveniente
1269 1614 1423 1650 aestate
1443 1607 1649 1653 secunda

239 1689 348 1743 post
393 1679 506 1725 dicti
544 1680 898 1725 inchoationem
933 1680 1070 1739 belli,
1113 1681 1279 1726 ‘volens
1317 1681 1654 1729 illustrissimus

242 1756 318 1801 ille
350 1755 614 1819 Philippus,
654 1772 822 1801 eorum
862 1756 1111 1814 dominus,
1139 1757 1315 1802 insanis
1351 1757 1543 1803 ausibus
1577 1776 1655 1804 eo-

243 1849 443 1895 rumque
474 1833 688 1879 amentiae
719 1842 896 1878 metam
931 1833 1175 1896 imponere
1196 1869 1207 1890 ,
1235 1835 1489 1880 contractis
1523 1835 1656 1880 undi-

244 1926 337 1971 que
362 1911 508 1972 copiis
531 1909 785 1972 validoque
816 1909 1018 1955 collecto
1049 1910 1279 1968 exercitu,
1307 1910 1367 1955 ad
1399 1927 1479 1956 eos
1513 1928 1655 1975 expu-

246 1986 459 2047 gnandos
482 1987 675 2049 propius
698 1986 921 2032 accedere
947 1986 1154 2032 decrevit
1176 1988 1204 2030 3.
1231 1988 1473 2033 Tenebant
1495 1998 1652 2033 autem

245 2063 334 2125 ipsi
387 2062 663 2108 Gandenses
708 2072 836 2107 extra
880 2080 1017 2109 snum
1063 2063 1296 2126 oppidum
1342 2065 1430 2109 tria
1473 2076 1653 2123 castra,

247 2156 449 2202 quortnn
487 2155 634 2184 unum
665 2142 929 2202 Poucqzces,
966 2140 1165 2186 alterum
1201 2141 1530 2200 Skemlelheke,
1564 2152 1655 2187 ter-

301 2292 338 2327 1.
370 2289 459 2327 Cela
481 2301 529 2326 ne
557 2289 750 2326 s’accorde
774 2302 842 2340 pas
868 2303 960 2327 avec
987 2304 1030 2328 ce
1054 2303 1130 2341 que
1156 2291 1210 2328 dit
1231 2294 1392 2342 Jacques
1413 2291 1465 2328 du
1487 2292 1620 2343 Clercq
1644 2308 1651 2329 z

250 2366 267 2382 «
295 2351 367 2386 Les
397 2349 552 2385 Gantois
582 2349 763 2399 hayoient
794 2357 872 2386 tant
903 2350 937 2387 16
966 2350 1039 2388 duc
1065 2360 1103 2388 et
1135 2352 1296 2389 estoient
1329 2361 1409 2389 tant
1439 2351 1604 2390 obstines
1636 2355 1657 2390 a

246 2408 282 2444 le
310 2407 421 2444 nuire
450 2416 487 2444 et
516 2408 611 2445 faire
646 2408 682 2444 la
713 2421 872 2459 guerre,
910 2422 1005 2458 que,
1039 2419 1159 2459 quant
1182 2410 1230 2447 ilz
1260 2411 1420 2448 estoient
1450 2411 1579 2462 prins,
1611 2412 1658 2448 ilz

246 2467 425 2504 aimoient
455 2467 599 2503 mieulx
628 2467 746 2516 qu’on
776 2467 831 2504 les
860 2467 1012 2517 pendist
1043 2482 1118 2518 que
1151 2469 1199 2506 de
1224 2469 1328 2519 prier
1355 2483 1484 2520 mercy
1515 2486 1522 2506 :
1554 2483 1657 2520 quoy

247 2526 385 2563 faisans
413 2539 462 2563 on
496 2526 579 2562 leur
605 2526 821 2576 respiteroit
852 2526 955 2563 leurs
982 2527 1085 2575 vies,
1124 2528 1205 2564 ains
1240 2529 1512 2578 respondoient
1542 2529 1656 2579 qu'ilz

246 2585 462 2622 inouroient
481 2587 501 2621 a
520 2584 646 2622 bonne
669 2586 838 2635 querelle
858 2595 894 2623 et
916 2600 1064 2624 comme
1083 2596 1260 2637 martyrs.
1281 2604 1297 2620 »
1315 2591 1530 2634 Me'moires,
1551 2589 1576 2627 l.
1598 2590 1633 2624 II
1647 2618 1655 2634 ,

248 2646 359 2695 chap.
379 2658 444 2682 xx.

300 2707 336 2744 2.
371 2707 405 2741 A
424 2703 556 2748 Hulst,
579 2704 628 2741 29
645 2703 729 2750 juin
750 2706 866 2742 1452.

304 2765 339 2800 3.
371 2763 401 2799 ll
422 2763 537 2813 partit
555 2763 603 2800 de
623 2763 718 2801 Lille
738 2763 774 2801 le
795 2765 842 2800 ‘18
859 2763 942 2812 juin
963 2766 1079 2801 1453.
