2037 3442
680 219 823 253 LIBER
851 218 1116 255 SECUNDUS.
1549 218 1588 253 81

199 298 314 343 sime
337 306 538 360 exceptae
557 307 603 343 et
625 299 672 343 in
698 298 885 361 publica
905 298 1197 343 munimenta
1222 297 1435 343 redactae.
1463 297 1596 343 Mira-

199 373 370 419 bantur
393 390 557 419 omnes
582 374 726 419 ferme
749 374 878 437 quod
909 374 968 420 ad
992 375 1381 435 interrogationes
1405 374 1464 419 de
1489 373 1596 419 fidei

199 451 431 513 capitulis,
458 451 599 496 etiam
624 451 774 497 doctis
803 461 848 497 et
870 451 1080 497 litteratis
1104 438 1214 496 viris
1236 453 1343 497 satis
1367 451 1593 507 difficiles,

199 528 300 573 talis
355 529 590 574 rusticana
636 529 887 590 juvencula
930 539 1026 575 tam
1073 529 1331 592 prudenter
1378 539 1422 575 et
1465 539 1598 575 caute

199 604 522 666 responderet..
564 607 619 649 Et
642 622 789 667 quum
816 621 1125 661 assessorum,
1152 605 1233 666 qui
1263 605 1414 650 acrius
1438 614 1482 649 et
1506 605 1601 649 fer-

199 682 384 726 ventius
420 682 677 743 Anglorum
712 681 911 744 querela*
938 681 1144 726 fautores
1169 689 1308 742 atque
1331 679 1601 726 defensores

200 758 498 816 exsistebant,
519 769 614 804 tota
636 759 693 804 ad
716 759 807 804 hoc
832 768 1095 804 versaretur
1109 757 1327 815 intentio,
1349 766 1401 800 ut
1422 756 1602 802 callidis

201 845 246 880 et
284 836 500 898 captiosis
533 834 980 895 interrogationibus
1017 843 1175 896 capta,
1213 831 1421 877 criminis
1455 831 1602 877 haere-

201 929 305 957 seos
330 913 679 975 adjiulicaretur
712 929 807 969 rea,
835 923 878 957 et
905 928 988 974 per
1008 911 1101 955 hoc
1133 909 1192 954 de
1229 908 1387 954 medio
1419 909 1603 954 tollere-

203 998 293 1047 tur,
321 989 436 1034 nihil
461 999 616 1034 tamen
641 988 849 1034 validum
879 997 959 1032 aut
983 985 1142 1032 efficax
1167 985 1228 1031 ad
1250 985 1344 1030 hoc
1376 1001 1431 1029 ex
1461 985 1604 1047 ipsius

203 1065 335 1111 dictis
353 1075 431 1110 aut
453 1065 783 1110 assertionibus
804 1063 1045 1109 extrahere
1067 1070 1342 1125 potuerunt.

267 1146 434 1187 Fuerat
456 1143 581 1187 enim
605 1158 781 1201 revera,
809 1151 860 1186 ut
882 1140 941 1186 ab
962 1140 1035 1184 his
1055 1139 1135 1201 qui
1160 1138 1259 1200 ejus
1284 1139 1606 1184 conversatio·

203 1234 311 1263 nem
337 1228 382 1262 et
414 1234 569 1263 mores
600 1226 919 1280 cognoverant
946 1214 1220 1271 testabatur,
1248 1215 1525 1278 priusquam
1548 1215 1607 1260 ad

203 1310 361 1355 regem
396 1295 661 1339 accessisset
679 1331 689 1351 ,
727 1310 780 1339 ac
809 1294 950 1339 etiam
974 1302 1227 1356 postquam
1258 1291 1379 1336 inter
1404 1301 1608 1336 armato-

203 1386 309 1415 rum
333 1369 554 1415 cohortes
574 1370 820 1416 obversata
846 1370 948 1427 fuit,
973 1370 1174 1414 multum
1197 1367 1369 1413 devota
1387 1405 1398 1426 ,
1425 1370 1610 1430 quoties

203 1455 415 1509 poterat,
444 1446 661 1492 ecclesias
681 1457 725 1493 et
745 1447 952 1492 oratoria
986 1446 1302 1507 frequentans.
1333 1444 1423 1490 Ubi
1453 1455 1610 1491 autem

204 1522 263 1568 de
288 1539 395 1568 rure
418 1523 658 1586 pascendo
688 1524 850 1586 pecori
875 1523 1123 1579 insisteret,
1152 1522 1189 1566 si
1221 1521 1404 1567 audiret
1426 1538 1612 1585 campa-

204 1618 275 1646 nae
299 1617 473 1645 sonum
494 1618 580 1663 pro
606 1602 866 1646 elevatione
890 1600 1036 1646 divini
1060 1599 1272 1662 corporis
1299 1608 1344 1644 et
1372 1600 1610 1660 sanguinis

205 1677 279 1724 vel
317 1695 405 1742 pro
441 1677 722 1723 salutatione
744 1678 892 1723 beatae
920 1677 1097 1733 Mariae,
1124 1692 1233 1720 cum
1262 1692 1433 1737 magno
1469 1676 1611 1721 (levo-

206 1755 347 1800 tionis
386 1755 570 1800 fervore
606 1756 739 1800 solita
765 1764 864 1799 erat
887 1770 1008 1815 genu
1035 1752 1220 1798 flectere
1243 1761 1288 1796 et
1320 1755 1472 1797 Deum
1497 1769 1608 1798 exo-

207 1849 324 1877 rare.
353 1831 446 1877 Sed
485 1842 530 1876 et
561 1835 662 1877 Deo
697 1848 829 1877 suani
849 1830 1032 1876 Yovisse
1061 1829 1374 1892 virginitatem
1409 1828 1611 1875 affirma-

209 1909 289 1954 bat
316 1927 325 1953 ε
354 1908 413 1953 de
445 1909 577 1970 cujus
616 1909 888 1965 violatione,
923 1907 1031 1952 licet
1062 1905 1140 1950 diu
1174 1906 1294 1950 inter
1320 1915 1610 1952 armatorum

210 2001 369 2046 greges
398 1994 443 2029 et
475 1986 827 2048 impudicorum
863 2000 917 2030 ac
950 1982 1161 2029 moribus
1186 1982 1612 2046 perditissimorum

210 2062 420 2105 virorum
438 2061 598 2106 fuisset
625 2070 928 2119 conversata,
958 2075 1202 2122 nunquam
1226 2068 1383 2104 tamen
1406 2059 1611 2122 aliquam

210 2137 453 2183 infamiam
476 2137 683 2200 pertulit.
712 2138 805 2194 Qui
833 2137 982 2194 nimo,
1026 2152 1133 2181 cum
1169 2152 1254 2198 per
1284 2136 1503 2181 mulieres
1538 2154 1614 2182 ex-

210 2224 382 2277 pertas,
409 2214 551 2259 etiam
581 2215 701 2260 inter
726 2214 982 2275 Anglorum
1016 2213 1237 2258 exsistens
1262 2229 1447 2271 manus,
1473 2231 1615 2277 super

210 2307 293 2336 sua
340 2291 602 2353 integritate
640 2291 906 2336 examinata
949 2290 1252 2353 inspectaque
1289 2289 1472 2347 fuisset,
1515 2308 1614 2337 non

210 2367 338 2413 aliud
363 2367 422 2413 de
448 2384 503 2414 ea
526 2369 725 2431 experiri
760 2377 1018 2431 potuerunt
1042 2382 1129 2412 nec
1152 2366 1349 2425 inferre,
1376 2368 1464 2412 nisi
1485 2369 1616 2430 quod

210 2446 488 2490 intemerata
510 2446 753 2507 virginalia
773 2445 972 2491 claustra
996 2453 1216 2490 servaret.
1240 2444 1502 2490 Excusabat
1517 2446 1617 2508 ipsa

210 2522 356 2567 virilis
385 2522 524 2568 vestis
554 2522 772 2568 habitum
795 2532 935 2585 atque
960 2531 1298 2584 tegumentum,
1329 2530 1614 2584 praeceptum

211 2598 270 2643 de
295 2598 579 2644 assumendo
599 2609 643 2644 et
663 2599 841 2645 utendo
866 2615 922 2644 eo
949 2607 1088 2661 atque
1113 2598 1254 2643 armis
1282 2596 1507 2643 divinitus
1527 2597 1615 2643 sibi

213 2675 385 2721 factum
410 2691 635 2734 asserens,
664 2693 723 2722 ue
750 2676 893 2735 viros,
914 2676 1034 2721 inter
1057 2690 1177 2737 quos
1201 2673 1280 2720 diu
1305 2683 1546 2737 noctuque
1571 2675 1617 2720 in

320 2768 332 2789 1
1438 2753 1458 2787 6
