2037 3442
1070 260 1088 289 ι

729 321 871 355 LIBER
899 319 1125 366 QUINTUS.
1551 314 1622 349 231

237 410 329 447 tam
366 402 485 448 inter
515 402 789 464 semetipsos
822 417 964 463 quam
999 401 1045 445 in
1071 399 1250 445 vicinos
1274 407 1318 443 et
1347 397 1629 460 compatrio-

236 488 325 539 tas,
356 479 498 525 multa
521 497 640 543 saepe
661 480 822 540 iniqua
846 488 889 523 et
911 477 1113 523 nefanda
1135 485 1473 539 perpetrarant.
1499 473 1629 518 Unde

235 572 333 600 non
367 557 465 602 sine
500 557 680 602 ratione
712 564 864 618 potest
896 554 1138 609 aestimari‚
1167 554 1213 597 in
1248 553 1339 597 hoe
1370 553 1433 597 eis
1474 552 1631 614 potius

237 632 408 677 utiliter
434 633 741 689 consuluisse,
770 646 912 693 quam
937 646 1074 674 suum
1099 629 1158 674 ab
1184 630 1248 673 eis
1271 629 1449 690 aliquid
1472 628 1629 673 abstu-

235 707 364 763 lisse,
393 709 428 752 si
450 708 557 754 talia
580 724 635 753 ea
653 706 912 770 privilegia,
943 721 1046 767 quae
1067 704 1131 749 eis
1156 704 1294 748 noxia
1310 714 1450 765 atque
1468 704 1631 749 vicinis

237 793 281 829 et
321 784 664 829 contribulibus
703 783 820 838 suis,
860 782 1018 844 potius
1052 796 1192 842 quam
1224 779 1420 842 publicae
1452 779 1631 824 utilitati

238 860 484 919 profutura
502 860 791 917 viderentur,
821 857 1227 920 quemadmodum
1244 856 1301 901 de
1322 855 1561 901 nonnullis
1578 872 1630 900 ex

237 936 563 997 hujuscemodi
588 952 614 982 a
635 934 951 999 prudentibus
974 934 1085 979 viris
1109 949 1207 979 esse
1232 932 1483 978 ferebatur.

301 1013 456 1058 Talem
500 1013 849 1073 castigationem
893 1009 1114 1072 superbia
1154 1009 1369 1054 Gandavi
1409 1008 1634 1053 divinitus

238 1089 674 1150 correctionemque
715 1085 921 1149 accepit,
971 1101 1101 1147 quae,
1147 1101 1202 1129 ex
1241 1083 1382 1129 rebus
1421 1083 1636 1129 secundis

237 1165 284 1208 in
322 1174 501 1209 tantum
532 1175 720 1226 tamque
746 1163 1027 1208 insolentem
1059 1171 1197 1223 atque
1231 1161 1532 1206 temerarium
1554 1160 1636 1205 hu-

240 1256 419 1285 morem
445 1241 720 1301 arrogantiae
737 1277 747 1295 ,
778 1250 827 1284 ut
852 1239 1075 1294 diximus,
1102 1247 1370 1283 excreverat
1389 1273 1399 1295 7
1421 1247 1472 1281 ut
1495 1237 1637 1282 nemi—

238 1332 347 1360 nem
392 1332 522 1378 paene
555 1316 822 1361 mortalium
855 1332 942 1360 nec
976 1324 1070 1360 tam
1103 1324 1343 1376 potentem
1375 1313 1637 1375 principem

237 1409 372 1437 suum
394 1394 543 1438 vereri
567 1410 646 1438 seu
674 1393 876 1438 revereri
901 1391 1153 1437 videretur.
1184 1390 1248 1435 Ad
1275 1389 1636 1452 dependendam

241 1485 350 1513 vero
391 1468 692 1531 hujusmodi,
731 1486 825 1532 qua
865 1467 1076 1513 mulctati
1113 1467 1316 1524 fuerant,
1358 1466 1634 1529 pecuniam,

240 1544 369 1590 facile
394 1561 415 1589 a
445 1545 570 1590 dicto
594 1563 680 1591 suo
707 1546 919 1609 principe
944 1545 1190 1607 impetrata
1208 1561 1348 1606 super
1372 1543 1638 1588 communi-

238 1630 331 1666 tate
363 1624 487 1678 sua¹‚
516 1622 738 1667 omnibus
774 1638 930 1667 emere
964 1620 1230 1665 volentibus
1266 1636 1433 1664 census
1456 1635 1640 1663 annuos

239 1696 581 1752 lieioeditai‘ios,
611 1698 685 1742 vel
720 1697 780 1742 ad
818 1698 957 1742 unius
990 1696 1257 1759 pluriumve
1281 1697 1442 1752 vitam,
1469 1694 1641 1739 vendi-

241 1771 425 1818 derunt.
458 1773 593 1819 Unde
617 1775 664 1818 in
701 1774 882 1818 minore
921 1774 1073 1836 spatio
1099 1788 1241 1835 quam
1275 1772 1412 1817 unius
1434 1771 1636 1829 mensis,

241 1864 471 1895 summam
508 1851 779 1913 impositam
812 1849 1124 1911 collegerunt,
1153 1849 1476 1911 majoremque
1509 1846 1642 1892 facile

244 1926 550 1984 invenissent,
586 1929 623 1973 si
661 1928 912 1991 ampliores
945 1927 1299 1989 adhuccensus
1333 1925 1536 1971 vendere
1557 1940 1642 1969 vo-

244 2002 462 2061 luissent3
500 2021 583 2067 pro
615 2004 783 2066 quibus
816 2005 951 2050 annis
989 2003 1181 2066 singulis
1212 2002 1505 2066 emptoribus
1538 2017 1643 2063 per-

244 2079 500 2138 solvendis,
525 2081 725 2143 gabellas
743 2116 754 2136 ,
787 2081 943 2126 dacias
961 2091 1099 2144 atque
1116 2081 1358 2142 vectigalia
1379 2096 1476 2124 non
1501 2093 1643 2140 parva

246 2156 572 2219 imposuerunt
597 2159 643 2203 in
668 2175 752 2203 suo
781 2158 959 2221 oppido
985 2177 992 2203 :
1024 2159 1070 2203 in
1098 2175 1192 2220 quo
1218 2159 1383 2215 etiam,
1413 2165 1519 2219 post
1542 2154 1642 2199 dic-

245 2242 339 2278 tam
382 2244 615 2296 stragem,
659 2233 929 2279 ferebantur
964 2235 1164 2280 inventae
1208 2234 1427 2279 mulieres
1468 2232 1644 2276 maritis

245 2310 444 2356 viduatae
470 2311 746 2374 peremptis,
775 2310 834 2355 ad
858 2310 1023 2356 decem
1047 2322 1089 2356 et
1116 2321 1224 2357 octo
1249 2310 1407 2355 millia.

310 2386 400 2431 Sed
438 2397 482 2432 et
513 2387 622 2431 huic
654 2386 776 2432 cladi
808 2386 896 2432 alia
927 2388 1068 2433 etiam
1099 2405 1195 2432 non
1227 2403 1370 2450 parva
1407 2386 1645 2431 calamitas

247 2464 438 2508 accessit
460 2479 514 2507 ex
538 2472 665 2525 peste
687 2463 964 2525 inguinaria,
984 2480 1126 2525 quam
1146 2464 1431 2527 epidemiam
1447 2472 1641 2518 vocant3

248 2556 299 2584 ex
322 2555 413 2601 qua
436 2539 583 2584 multa
601 2556 784 2596 eorum,
809 2540 887 2601 qui
909 2540 1062 2600 gladio
1084 2541 1282 2603 exempti
1303 2547 1641 2597 remanserant,

248 2616 392 2661 millia
426 2615 697 2679 absumpta,
727 2626 772 2661 et
802 2632 969 2677 magna
1004 2617 1168 2679 oppidi
1203 2617 1397 2662 vastatio
1429 2627 1475 2662 et
1497 2616 1644 2679 depo-

302 2777 315 2809 ‘l
332 2804 338 2812 .
369 2773 544 2825 Corrigez
563 2805 571 2823 ‚
596 2778 795 2822 impetrata
813 2787 924 2822 snper
937 2775 1002 2809 law
1019 2778 1249 2810 immunitate
1270 2788 1350 2811 sua.
