2142 3473
496 343 544 377 26
865 343 1206 379 HISTORIARUM
1234 344 1413 381 CAROLI
1442 348 1510 383 VII

967 555 1035 598 CA
1045 555 1301 601 PITULUM
1335 558 1412 600 XI.

534 696 586 729 De
602 694 768 730 descensu
784 694 939 730 secundo
956 696 1098 730 Henrici
1116 697 1312 743 Anglorum
1325 699 1414 745 regis
1432 699 1468 732 in
1479 699 1731 736 Normanniam
1750 702 1842 748 apud

1110 757 1268 791 Toleam.

550 876 760 920 Decurso
784 891 897 921 vero
913 874 1125 933 biennio,
1147 875 1432 922 instruendis
1450 877 1672 922 exercitui
1694 887 1739 923 et
1757 878 1889 924 classi

486 950 723 1013 impenso,
761 967 894 1010 cum,
931 961 983 998 ut
1016 952 1191 999 celebri
1228 952 1350 999 fama
1383 969 1468 1016 per
1500 963 1653 999 totum
1691 971 1888 1017 regnum

485 1028 687 1073 Franciae
701 1028 954 1089 ferebatur,
978 1029 1073 1075 dux
1091 1030 1486 1092 Burgundionum
1506 1031 1654 1077 foedus
1668 1049 1780 1078 cum
1805 1036 1889 1078 An·

484 1103 670 1167 glorum
707 1122 815 1168 rege
849 1107 1194 1169 percussisset¹,
1231 1107 1418 1153 solvens
1445 1124 1471 1153 e
1504 1109 1659 1155 littore
1694 1110 1887 1156 classem

486 1182 741 1245 Anglorum
765 1200 844 1230 rex
867 1184 993 1230 idem
1016 1185 1267 1243 Henricus,
1293 1185 1353 1230 de
1378 1202 1474 1248 quo
1494 1202 1637 1250 supra
1658 1186 1883 1248 diximus,

481 1258 542 1305 ad
568 1259 724 1305 littora
740 1263 1039 1307 Normanniae
1063 1261 1267 1326 appulit,
1296 1272 1514 1308 currente
1541 1279 1669 1309 anno
1694 1265 1886 1309 Domini

480 1352 534 1380 Μ.
557 1352 682 1382 cccc.
703 1352 839 1394 xv11.‚
867 1354 1029 1383 mense
1048 1348 1264 1401 augusto.
1290 1339 1374 1383 Cui
1400 1338 1545 1403 [cum]
1566 1340 1748 1397 Franci,
1766 1339 1884 1404 [qui]

481 1413 779 1459 multitudine
793 1431 1045 1460 numerosa
1062 1425 1351 1461 armatorum
1370 1426 1504 1462 terrae
1517 1416 1674 1462 littora
1683 1417 1886 1480 comple-

477 1489 610 1549 bant,
626 1507 686 1536 ne
699 1491 747 1535 in
764 1501 934 1537 terram
951 1492 1280 1551 descenderet,
1294 1510 1380 1557 per
1400 1493 1518 1539 dies2
1534 1493 1713 1556 aliquot
1727 1494 1883 1539 conati

480 1566 674 1612 fuissent
697 1567 945 1627 obsistere,
981 1570 1113 1615 irrito
1145 1579 1304 1616 tamen
1336 1587 1503 1616 eorum
1539 1571 1707 1616 annisu
1731 1570 1880 1628 facte,

478 1646 735 1708 Anglorum
758 1646 914 1692 classis
945 1647 1103 1694 littora
1129 1649 1280 1694 tenuit
1308 1648 1435 1711 apud
1468 1647 1698 1705 Tolcamss,
1723 1648 1881 1693 villam

478 1723 762 1769 maritimam
780 1761 791 1782 ,
815 1734 861 1769 et
888 1724 981 1770 illic
1012 1726 1060 1770 in
1083 1735 1279 1783 terram,
1313 1725 1592 1771 cedentibus
1617 1725 1697 1787 qui
1723 1725 1782 1770 ad
1806 1725 1882 1769 lit-

477 1808 634 1845 torum
654 1801 969 1846 munitionem
985 1801 1321 1861 adventarant,
1342 1802 1705 1848 descenderunt.
1724 1804 1881 1857 Quan-

476 1887 549 1923 tus
572 1894 685 1925 vero
708 1887 858 1924 terror
871 1879 1030 1942 patriae
1050 1879 1224 1924 incolas
1243 1879 1487 1937 invaserit,
1506 1888 1709 1941 quantus
1729 1887 1880 1923 metus

474 1970 531 2000 ex
554 1954 655 2000 solo
691 1956 950 2018 Anglorum
988 1956 1181 2001 nomine
1214 1956 1484 2015 incesserit,
1524 1971 1621 2000 non
1657 1964 1726 2000 est
1748 1954 1879 2000 facile

474 2030 645 2078 dicere.
674 2035 740 2078 lta
765 2033 890 2077 enim
914 2043 1106 2095 repente
1140 2042 1239 2078 tota
1260 2032 1409 2095 patria
1438 2032 1659 2077 exterrita
1687 2031 1800 2087 fuit,
1829 2041 1879 2076 ut

472 2107 628 2154 nullus
657 2126 790 2171 paene
809 2145 820 2166 ,
854 2109 941 2154 nisi
964 2110 1012 2154 in
1044 2109 1144 2154 sola
1171 2109 1305 2172 fuga,
1342 2108 1521 2171 aliquid
1552 2107 1640 2153 sibi
1673 2108 1877 2171 praesidii

471 2184 686 2230 relictum
710 2202 808 2232 esse
832 2185 1110 2232 confideret.
1140 2188 1195 2231 Et
1219 2186 1308 2231 nisi
1336 2186 1383 2230 in
1407 2184 1643 2248 plerisque
1675 2184 1877 2229 civitati-

471 2261 558 2307 bus
582 2272 628 2308 et
648 2264 834 2327 oppidis
858 2279 885 2309 a
912 2264 1166 2327 capitaneis
1187 2301 1198 2322 ,
1225 2262 1396 2326 quibus
1419 2262 1636 2308 locorum
1661 2262 1874 2308 custodia

470 2339 694 2386 mandata
723 2350 852 2398 erat,
875 2340 1102 2387 obseratae
1129 2340 1322 2387 fuissent
1344 2349 1518 2403 portae,
1553 2349 1600 2385 et
1627 2339 1791 2386 incolae
1828 2341 1872 2385 vi

523 2481 560 2517 ’1.
592 2482 651 2517 Au
679 2479 776 2528 sujet
801 2480 848 2518 de
874 2493 917 2518 ce
945 2480 1054 2518 traite
1085 2481 1151 2530 qui
1188 2480 1245 2517 fut
1274 2480 1444 2527 toujours
1483 2488 1573 2517 tenu
1602 2487 1744 2526 secret,
1785 2480 1871 2518 voir

468 2543 520 2577 M.
537 2539 727 2589 Michelet,
749 2545 914 2578 Histoire
931 2543 977 2577 de
993 2544 1150 2586 France,
1173 2549 1200 2578 t.
1222 2542 1288 2587 IV,
1309 2554 1349 2590 p.
1371 2541 1463 2588 342,
1484 2548 1573 2577 note
1593 2541 1630 2576 ΕΞ.

522 2601 559 2635 2.
590 2602 634 2635 Je
652 2600 800 2651 corrige
820 2601 856 2638 la
873 2603 980 2650 lecon
995 2600 1044 2637 du
1065 2599 1273 2637 manuscrit
1289 2612 1336 2636 en
1355 2599 1594 2649 supprimant
1613 2613 1657 2635 ac
1675 2598 1781 2649 place
1801 2597 1869 2634 de-

467 2660 726 2706 vantperdies
739 2668 775 2695 et
788 2673 835 2696 en
849 2660 1051 2710 suppleant
1062 2660 1117 2697 les
1131 2666 1227 2696 mots
1241 2667 1347 2696 entre
1360 2659 1530 2696 crochets
1545 2659 1638 2696 dans
1650 2659 1685 2696 10
1700 2657 1869 2695 membre

467 2717 684 2768 precedent.

522 2779 560 2816 3.
592 2779 788 2826 Touques,
819 2779 840 2813 a
864 2777 1150 2814 l'embouchure
1175 2778 1277 2814 dela
1302 2777 1414 2825 Dive‚
1439 2777 1682 2824 aujourd⁷hui
1709 2777 1801 2814 dans
1832 2778 1866 2814 le

466 2837 726 2888 departement
746 2836 797 2874 du
816 2836 1014 2877 Calvados.
1036 2839 1106 2874 Les
1125 2836 1347 2873 manuscrits
1368 2844 1520 2886 portent
1539 2839 1699 2874 Calc-(zm.
