2037 3442
426 334 495 369 170
802 331 1136 366 HISTORIARUM
1163 330 1343 365 CAROLI
1369 333 1435 367 VII

421 412 723 468 necessarius,
750 426 860 455 cum
883 409 1058 455 nullius
1078 411 1135 455 sit
1161 409 1390 470 efficaciae,
1418 415 1716 474 quantumvis
1732 433 1814 462 nu-

420 503 624 545 merosa,
652 487 750 531 sine
775 485 942 531 ordine
967 495 1013 531 et
1036 486 1281 550 disciplina
1305 487 1485 546 militia,
1518 487 1598 534 sed
1634 488 1813 535 latroci-

418 567 606 612 niorum
646 566 802 629 potius
843 575 983 629 atque
1024 567 1240 613 omnium
1282 568 1533 615 criminum
1579 585 1632 615 ac
1673 570 1815 615 totius

417 643 735 690 dissolutionis
758 644 952 690 materia
967 643 1169 691 exsistat.

906 824 1239 869 CAPtTULUM
1274 825 1330 869 V.

463 931 577 973 Quam
599 932 715 976 gravia
738 941 769 965 et
792 932 989 978 perniciosa
1008 944 1114 965 onera
1138 932 1212 965 haec
1238 933 1401 977 equestris
1419 931 1632 966 conductitia
1648 933 1765 968 militia

511 992 708 1025 continuata
728 990 1022 1035 attulerit,sitque,
1036 990 1204 1035 quamdiu
1220 989 1408 1033 duraverit,
1422 990 1548 1036 jugiter
1563 991 1717 1026 allatura.

484 1109 647 1151 Postea
690 1122 833 1164 vero,
878 1105 1022 1169 pulsis
1063 1104 1122 1151 de
1167 1106 1453 1151 Normaunia
1494 1114 1634 1168 atque
1677 1107 1813 1168 Aqui—

416 1183 542 1227 tania
580 1181 822 1240 hostibus,
863 1191 908 1227 et
948 1198 1093 1243 regno
1136 1181 1224 1227 sub
1263 1191 1490 1245 potestate
1526 1185 1810 1228 Francorum

416 1256 572 1303 Caroli
600 1257 720 1319 regis
757 1258 1042 1320 reintegrato
1078 1273 1132 1303 ac
1165 1258 1402 1315 restituto,
1449 1273 1590 1320 quam
1631 1259 1808 1319 gravis,

416 1350 558 1396 quam
598 1350 799 1380 onerosa
852 1351 1090 1397 quamque
1130 1335 1394 1399 perniciosa
1431 1334 1651 1380 exstiterit
1687 1334 1812 1380 dicta

417 1410 577 1454 militia
608 1411 837 1472 equestris
861 1412 1011 1474 sitque
1042 1411 1298 1473 aliquando
1331 1411 1486 1457 futura
1510 1427 1684 1472 regno,
1723 1411 1810 1456 nisi

415 1485 572 1532 divina
611 1487 883 1550 propitiatio
928 1497 1133 1546 avertat,
1178 1489 1261 1534 etsi
1296 1488 1507 1552 plerique
1548 1487 1810 1534 hebetiores

415 1573 571 1608 mente
603 1580 702 1608 non
737 1563 1003 1623 advertant,
1031 1565 1133 1609 viro
1164 1574 1321 1611 tamen
1346 1565 1540 1628 sapienti
1575 1564 1808 1627 (quinon

416 1640 503 1684 nisi
525 1639 704 1698 bonus,
732 1640 770 1685 si
796 1641 980 1703 sapiens
1005 1651 1094 1701 est,
1122 1651 1276 1704 potest
1299 1640 1548 1703 exsistere)
1579 1640 1709 1687 facile
1742 1650 1808 1685 est

414 1716 705 1778 perpendere
741 1727 786 1762 et
804 1716 1031 1778 judicare.
1072 1720 1190 1762 Cum
1222 1717 1347 1764 enim
1371 1717 1597 1764 hactenus
1633 1734 1688 1762 ex
1712 1733 1807 1779 quo

415 1793 556 1838 semel
580 1793 759 1839 initiata
781 1793 881 1853 fuit,
917 1803 1108 1855 urgente
1134 1804 1244 1839 tunc
1272 1794 1559 1853 necessitate,
1593 1810 1646 1840 ea
1667 1795 1806 1841 etiam

414 1869 542 1915 nulla
563 1870 860 1926 imminente,
884 1871 922 1915 si
950 1871 1009 1915 ad
1032 1887 1201 1933 puram
1225 1871 1469 1917 veritatem
1497 1887 1583 1916 nos
1601 1871 1806 1916 -confor-

416 1962 543 1991 mare
569 1948 810 2006 volumus,
844 1946 1088 2009 hucusque
1112 1946 1399 2010 perdurarit,
1424 1947 1673 1992 verisimile
1708 1963 1805 1992 non

414 2031 479 2067 est
490 2022 817 2084 hujuscemodi
830 2022 1169 2068 conductitiam
1189 2022 1401 2069 militiam
1415 2022 1473 2067 de
1496 2031 1628 2068 aetate
1641 2037 1807 2068 eorum

413 2100 493 2160 qui
515 2109 765 2162 supersunt
789 2099 1060 2145 desituram.
1094 2103 1171 2144 Est
1193 2100 1318 2145 enim
1342 2108 1555 2162 pergrata
1577 2100 1800 2161 tyrannis.

413 2177 481 2220 Eo
493 2177 619 2222 enim
638 2176 768 2239 quod
778 2192 963 2240 semper
980 2177 1242 2240 potentiam
1262 2186 1592 2223 consectantur
1607 2186 1651 2222 et
1665 2193 1805 2240 appe-

414 2261 534 2311 tunt,
561 2253 770 2315 neglecta
788 2253 982 2316 justitia,
1009 2270 1094 2299 nec
1115 2253 1172 2298 de
1198 2252 1495 2299 subditorum
1519 2253 1690 2315 quiete,
1707 2253 1804 2315 jus-

415 2330 511 2375 titia
534 2339 579 2376 et
602 2330 797 2376 utilitate
826 2330 920 2376 ulla
944 2331 1008 2375 eis
1034 2346 1147 2375 cura
1181 2330 1377 2388 exstitit,
1404 2330 1501 2375 imo
1536 2331 1714 2393 potius,
1748 2346 1806 2374 ne

412 2406 668 2453 reluctandi
689 2418 734 2453 et
750 2408 1043 2471 repugnandi
1060 2424 1152 2453 suae
1169 2408 1402 2470 tyrannidi
1419 2417 1556 2469 atque
1571 2407 1806 2471 pravitati-

412 2480 499 2526 bus
518 2484 637 2530 vires
658 2485 962 2547 animumque
977 2493 1228 2543 assumant,
1246 2501 1326 2530 eos
1348 2483 1466 2529 dura
1489 2484 1707 2529 servitute
1730 2483 1805 2527 tri-

412 2555 633 2603 butorum
658 2570 799 2622 atque
822 2570 973 2606 metus
997 2559 1184 2606 student
1207 2576 1392 2624 semper
1417 2559 1709 2623 opprimere,
1735 2574 1805 2603 res

413 2630 478 2675 eis
518 2634 860 2693 pernecessaria
896 2633 1135 2695 judicatur
1183 2643 1229 2679 et
1264 2634 1464 2679 maxime
1502 2632 1709 2695 jucunda
1745 2631 1803 2678 ad

414 2707 695 2769 potiundum
729 2711 934 2766 miseris,
963 2711 1136 2773 quibus
1163 2712 1402 2769 serviunt,
1440 2709 1799 2772 cupiditatibus,

414 2799 597 2845 semper
638 2783 697 2827 ad
735 2786 964 2846 stipendia
998 2803 1080 2832 sua
1126 2797 1336 2849 paratam
1373 2787 1548 2832 habere
1584 2801 1800 2845 maguam
