2037 3442
383 294 457 329 326
760 286 1096 324 HISTORIARUM
1125 286 1301 322 CAROLI
1328 287 1394 320 VII

380 372 468 417 sibi
493 371 668 425 facere,
694 367 808 412 nihil
833 367 892 412 de
924 367 1215 428 consumptis
1248 363 1607 427 provincialium
1642 364 1781 409 honis

380 447 643 502 exsolvere,
684 460 825 506 quem
863 442 1151 499 voluissent,
1190 441 1372 503 injuriis
1416 450 1555 502 atque
1601 439 1785 485 damnis

378 522 561 568 afficere
580 556 591 576 ‚
621 520 792 584 passim
824 519 1076 581 unicuique
1101 519 1294 581 impune
1327 516 1524 574 licebat3
1558 533 1646 561 nec
1677 532 1784 579 pro-

378 598 644 644 vincialium
691 596 820 641 bona
860 595 1070 658 accipere
1095 630 1106 652 ,
1143 610 1247 656 quae
1294 594 1341 638 in
1391 609 1529 637 usum
1576 592 1783 637 alimenti

377 674 599 721 cederent
639 689 726 737 pro
762 689 838 731 se,
879 673 951 718 vel
996 671 1127 734 equis
1166 688 1244 716 seu
1292 669 1486 716 canibus
1526 670 1644 728 suis,
1695 685 1782 732 pro

378 750 549 796 delicto
591 766 671 795 seu
723 748 919 793 crimine
961 746 1250 805 habebatur,
1295 745 1440 791 modo
1493 745 1609 789 nihil
1657 744 1784 790 aliud

378 843 521 891 quam
552 824 765 871 victualia
797 825 1101 888 accepissent.
1134 823 1317 879 Quibus
1350 821 1482 867 malis
1522 821 1784 866 fomentum

378 903 623 968 praestabat
676 902 868 948 avaritia
922 900 1266 946 nonnullorum
1321 899 1652 961 magistrorum
1703 914 1784 943 seu

379 982 557 1027 ducum
580 979 771 1035 militiae,
798 978 880 1040 qui
903 994 930 1024 a
955 976 1179 1022 militibus
1205 976 1262 1021 de
1288 991 1488 1021 numero
1512 992 1598 1020 suo
1626 984 1671 1020 et
1695 974 1783 1019 sibi

378 1057 668 1115 commissis,
706 1056 754 1100 in
790 1072 917 1101 anno
962 1054 1020 1099 de
1056 1053 1298 1117 stipendiis
1333 1069 1413 1098 seu
1451 1052 1656 1098 annonis
1699 1051 1787 1097 sibi

380 1134 642 1182 constitutis
684 1149 896 1178 mensem
935 1148 1082 1177 unum
1121 1141 1199 1176 aut
1237 1131 1332 1176 duo
1376 1129 1654 1192 exigebant,
1700 1147 1787 1192 pro

380 1210 710 1275 hujuscemodi
747 1210 892 1272 gratia
922 1209 1045 1255 hanc
1077 1209 1226 1254 vicem
1251 1211 1315 1253 eis
1354 1208 1632 1265 reddentes,
1659 1208 1789 1268 quod

380 1306 464 1353 per
492 1289 721 1349 majorem
756 1287 868 1331 anni
903 1295 1085 1349 partem
1132 1285 1305 1348 passim
1341 1301 1421 1330 eos
1459 1285 1702 1348 pervagari
1746 1295 1792 1330 et

383 1366 589 1411 victitare
620 1365 667 1409 in
705 1363 827 1425 agris
872 1361 1223 1426 permittebant.
1271 1363 1425 1417 Quam
1463 1361 1791 1424 negligentiam

382 1451 717 1499 assentatores,
739 1439 909 1502 quibus
937 1439 1052 1484 aulae
1082 1455 1244 1500 regum
1270 1439 1463 1501 copiose
1489 1438 1667 1483 refertae
1694 1454 1792 1482 esse

382 1519 566 1576 solent,
615 1532 834 1563 excusare
881 1515 1153 1561 nitebantur
1193 1533 1201 1559 :
1239 1515 1370 1578 quod
1416 1515 1524 1560 talia
1577 1516 1673 1579 ipse
1713 1531 1792 1559 rex

383 1611 575 1660 prorsus
599 1595 865 1656 ignoraret,
893 1608 1012 1655 quae,
1041 1592 1078 1637 si
1098 1592 1319 1651 scivisset,
1347 1591 1611 1637 nullatenus
1635 1590 1794 1636 fuisset

384 1672 711 1736 permissurus.
739 1669 830 1714 Sed
864 1669 1076 1732 profecto
1104 1685 1271 1714 verum
1306 1679 1372 1713 est
1406 1668 1523 1713 illud
1547 1667 1791 1712 communi

384 1764 601 1794 sermone
623 1747 782 1792 tritum
809 1745 1136 1809 proverbium,
1164 1745 1295 1807 quod
1321 1765 1343 1788 α
1369 1748 1472 1790 Non
1497 1754 1565 1790 est
1590 1744 1794 1790 deterior

385 1823 580 1882 surdus,
619 1840 762 1886 quam
787 1823 895 1885 qui,
922 1839 1026 1885 quae
1053 1838 1163 1868 vera
1193 1831 1328 1881 sunt,
1368 1822 1560 1867 minime
1585 1821 1684 1866 vult
1716 1838 1794 1866 au-

385 1899 502 1944 dire.
528 1917 550 1942 »
577 1902 706 1963 Saepe
731 1900 858 1945 enim
883 1900 990 1945 talia
1015 1908 1054 1944 et
1085 1915 1291 1962 persaepe
1311 1898 1497 1944 sibimet
1520 1898 1793 1943 denuntiata

386 1985 521 2034 sunt,
554 1992 663 2021 cum
697 1976 953 2040 legationes
981 1975 1217 2020 solemnes
1248 1991 1302 2020 ex
1335 1974 1703 2038 provincialibus
1736 1974 1794 2019 ad

385 2052 564 2096 curiam
581 2068 714 2097 suam
731 2062 776 2098 et
798 2052 858 2097 ad
879 2053 1031 2115 ipsum
1056 2051 1395 2110 mittebantur,
1423 2067 1527 2113 quae
1550 2050 1608 2095 de
1634 2050 1795 2112 hujus-

387 2127 518 2172 modi
559 2128 738 2190 injuriis
775 2128 1041 2191 frequentes
1074 2128 1286 2190 querelas
1322 2127 1664 2190 deposuerunt.
1704 2126 1795 2171 Sed

386 2203 535 2249 heus!
574 2204 829 2251 narrabant
862 2203 1066 2250 fabulam
1100 2203 1268 2258 surdo;
1298 2219 1407 2248 nam
1438 2203 1540 2265 plus
1573 2201 1682 2247 fidei
1715 2201 1797 2246 uni

385 2301 439 2329 ex
464 2285 680 2348 palatinis
717 2285 913 2330 canibus
944 2284 1244 2342 assentatori,
1272 2299 1416 2345 quam
1443 2281 1797 2327 solemnissimis

385 2360 654 2422 quibusque
672 2361 832 2422 legatis
858 2360 1212 2423 provinciarum
1234 2357 1557 2422 praestabatur.

452 2438 805 2484 Habitationem
836 2437 1027 2483 urbium
1059 2453 1337 2499 magnarum
1356 2473 1366 2493 ,
1393 2436 1646 2499 praesertim
1679 2435 1799 2480 illius

390 2517 525 2577 regiae
551 2516 848 2574 Parisiensis,
877 2531 1066 2561 exosam
1091 2513 1324 2572 habebat3
1352 2530 1439 2558 nec
1462 2513 1508 2557 in
1534 2512 1731 2557 urbibus
1755 2521 1799 2556 et

389 2590 530 2648 locis,
564 2593 611 2637 in
643 2592 812 2654 quibus
843 2591 1105 2653 frequentia
1133 2601 1230 2635 erat
1260 2589 1569 2653 populorum,
1600 2588 1800 2634 libenter

389 2666 659 2727 habitabat,
697 2669 778 2714 sed
815 2669 861 2712 in
902 2666 1186 2730 quibusdam
1224 2665 1463 2729 oppidulis
1499 2666 1571 2710 vel
1606 2664 1800 2710 castellis

389 2743 512 2788 circa
530 2743 696 2788 urbem
719 2744 1053 2790 ssituricensem
1069 2743 1142 2788 vel
1160 2745 1481 2787 Turonensem
1496 2777 1508 2799 ,
1538 2741 1618 2786 ubi
1641 2757 1799 2786 rarum
