2037 3442
733 303 875 337 LIBER
902 300 1140 347 QUARTUS.
1556 304 1631 339 195

235 378 347 436 niae,
386 380 615 443 oppidum
644 380 891 444 Fulgeriis¹
918 390 1242 445 nuncupatum
1261 419 1272 441 ,
1298 382 1429 445 quod
1452 391 1564 429 tunc
1587 393 1632 429 et

234 455 521 517 populorum
557 459 815 521 frequentia
861 469 907 505 et
945 459 1185 521 opulentia
1222 475 1380 505 rerum
1412 460 1521 504 satis
1562 461 1634 505 in-

233 531 362 593 signe
382 543 521 596 atque
546 535 778 581 famosum
797 535 1072 582 habebatur.
1101 535 1239 591 Quod
1272 552 1378 581 cum
1405 545 1633 599 opportu-

233 623 348 653 num
385 611 551 673 praedae
585 612 644 659 ab
682 612 914 675 aliquibus
941 612 1138 658 ducibus
1169 613 1340 658 militiae
1376 613 1631 675 Anglorum

231 700 330 731 esse
356 698 615 750 putaretur,
644 691 853 736 animum
878 688 1179 734 intenderunt
1204 698 1253 734 ut
1272 689 1427 751 ipsum
1445 690 1630 750 furtim,

232 763 345 809 nihil
372 781 563 827 prorsus
588 766 646 812 de
686 765 892 830 periculo
934 765 1114 811 civibus
1151 765 1243 810 loci
1283 767 1627 826 cogitantibus,

229 853 482 904 caperent,
519 853 559 889 et
603 843 776 889 divitiis
811 843 1059 906 spoliatum
1096 852 1234 905 atque
1270 840 1527 902 nudatum,
1572 844 1631 889 ad

230 916 469 964 uberiores
502 920 679 983 praedas
725 920 771 965 in
812 919 1050 965 Britannia
1089 916 1353 974 faciendas,
1389 930 1631 965 servarent

227 1003 367 1056 atque
386 996 655 1041 retinerent.
684 999 788 1041 Erat
812 995 937 1040 enim
962 995 1021 1040 ad
1042 994 1087 1039 id
1112 996 1220 1039 satis
1244 994 1626 1050 accommodum,

227 1087 334 1115 cum
376 1070 694 1117 firmissimum
730 1071 959 1134 oppidum
994 1080 1140 1127 esset,
1185 1080 1230 1115 et
1270 1087 1420 1133 prope
1458 1070 1630 1118 limites

231 1149 524 1193 Normannifr.
544 1150 832 1204 consisteret,
860 1148 987 1193 unde
1008 1157 1053 1192 et
1075 1147 1240 1192 solatia
1259 1148 1530 1195 victualium
1552 1185 1562 1206 ‚
1586 1159 1631 1196 et

224 1222 587 1270 subventionem
607 1235 746 1288 atque
769 1224 937 1271 auxilia
957 1223 1158 1269 militum
1185 1223 1314 1270 facile
1339 1240 1525 1286 semper
1548 1224 1632 1271 ha-

222 1298 334 1344 bere
362 1311 568 1362 possent.
601 1301 934 1347 Obtendebant
958 1302 1084 1346 enim
1114 1311 1161 1346 ut
1194 1300 1241 1345 id
1262 1300 1387 1361 juste
1419 1310 1464 1346 et
1491 1302 1630 1346 ratio-

223 1375 439 1422 nabiliter
485 1379 634 1424 facere
677 1379 965 1435 viderentur,
1009 1377 1341 1439 hujuscemodi
1381 1377 1592 1424 colorem
1615 1398 1624 1424 :

221 1469 329 1498 nam
356 1470 462 1499 cum
482 1455 852 1513 duxffihannes,
875 1455 1014 1517 hujus
1025 1455 1256 1501 Francisci
1270 1465 1418 1518 pater,
1443 1465 1494 1500 ut
1515 1456 1628 1503 ferc-

220 1528 350 1587 bant‚
377 1531 650 1594 homagium
674 1534 770 1595 regi
792 1531 1048 1594 Anglorum
1072 1532 1372 1595 przestitisset,
1400 1541 1627 1595 tanquam

218 1606 317 1668 ejus
351 1609 574 1655 vassallus
604 1610 661 1655 ad
687 1626 875 1655 causam
903 1609 1097 1655 ducatus
1124 1610 1450 1669 Normanniae7
1499 1610 1627 1656 idem

221 1685 518 1743 anciscus,
558 1687 808 1749 requisitus
852 1685 1122 1748 hujusmodi
1160 1685 1437 1748 homagium
1474 1687 1625 1732 facere

217 1764 312 1824 regi
351 1763 629 1825 Anglorum,
664 1772 921 1816 recusarat,
961 1763 1207 1826 ipsumque
1230 1762 1506 1824 homagium
1531 1766 1625 1810 Ca·—

217 1840 320 1885 rolo
338 1841 433 1902 regi
454 1844 739 1886 Francorum
761 1840 928 1885 fecerat
948 1858 959 1898 3
984 1849 1176 1903 propter
1196 1840 1327 1902 quod
1352 1849 1497 1886 terras
1517 1857 1623 1887 suas

216 1916 275 1961 ad
296 1933 489 1962 manum
514 1918 708 1980 regiam,
736 1916 879 1962 veluti
909 1915 1182 1963 confiscatas
1209 1917 1271 1962 ob
1295 1917 1474 1963 crimen
1507 1918 1622 1965 laesae

216 1994 484 2055 majestatis,
508 1996 631 2056 juste
654 1995 759 2058 capi
782 1993 953 2040 debere
978 1994 1258 2041 asserebant.

280 2070 348 2116 Ad
371 2071 500 2133 quod
521 2071 713 2117 solerter
730 2071 1081 2133 exsequendum
1098 2072 1267 2135 delegit
1284 2073 1407 2118 inter
1426 2082 1619 2119 caeteros

212 2145 307 2191 dux
343 2148 645 2193 Summerseti
674 2148 915 2211 praefatus,
954 2157 1175 2212 tanquam
1203 2150 1405 2195 maxime
1434 2149 1491 2195 ad
1523 2149 1617 2195 hoc

210 2222 460 2283 idoneum,
498 2223 752 2286 quemdam
795 2224 989 2270 militem
1033 2227 1383 2286 Franciscum²‚
1423 2226 1615 2272 natione

212 2302 581 2363 Arragonensem
614 2318 695 2346 seu
726 2300 1035 2355 Celtiberum,
1072 2303 1320 2348 custodem
1364 2312 1409 2348 et
1440 2304 1614 2366 capita-

207 2395 351 2424 neum
365 2377 591 2424 Vernolii.
620 2381 729 2423 Erat
748 2378 872 2423 enim
892 2379 939 2423 in
961 2378 1101 2424 rebus
1121 2379 1316 2439 bellicis,
1343 2389 1388 2425 et
1411 2381 1614 2426 maxime

204 2455 264 2500 ad
290 2454 686 2518 intercipiendum
709 2464 753 2500 et
777 2455 932 2500 furtim
951 2456 1311 2518 ingrediendum
1336 2457 1544 2503 civitates
1568 2468 1614 2503 et

204 2532 379 2596 oppida
400 2549 486 2596 per
509 2543 767 2578 nocturnos
791 2532 1112 2591 inscalatores‚
1142 2534 1338 2580 callidus
1365 2543 1410 2579 et
1433 2543 1611 2580 astutus

255 2708 291 2743 1.
322 2708 350 2743 F
354 2706 530 2756 ougeres.

252 2772 290 2806 2.
322 2774 393 2808 Les
409 2770 685 2820 chroniqueurs
705 2770 867 2820 francais
886 2768 1106 2820 l'appellent
1122 2769 1305 2818 Francois
1325 2769 1525 2808 Surienne.
