2037 3442
627 306 770 341 LIBER
798 307 1060 343 SECUNDUS.
1496 310 1539 345 51

152 385 258 429 satis
296 385 455 447 procul
491 387 864 445 asservabantur,
893 406 939 434 se
965 390 1295 450 contuleruut3
1324 408 1348 436 e
1375 392 1546 453 quibus

152 460 322 506 multos
347 478 507 506 eorum
543 473 767 508 conantes
796 465 994 525 effugere
1025 482 1188 511 manus
1217 478 1539 529 peremerunt,

151 546 195 580 et
220 537 420 582 multum
445 539 544 582 auri
568 548 611 582 et
634 541 808 601 argenti
832 541 1062 603 variaeque
1089 543 1303 605 pretiosae
1326 543 1546 606 supellec-

152 611 241 656 tilis
261 624 515 675 rapuerunt
534 652 543 673 ‚
569 625 612 659 et
635 615 866 661 abierunt.

217 689 389 750 Anglici
424 707 532 735 vero
570 708 666 736 sese
697 691 965 737 ordinantes
997 691 1157 737 denuo
1185 703 1252 752 et,
1281 694 1360 756 qui
1394 710 1448 738 ex
1481 696 1546 739 eis

151 767 368 826 prostrati
416 777 597 812 tantum
643 768 849 825 fueraut,
898 785 945 814 se
990 769 1217 829 erigentes
1235 806 1245 825 ‚
1296 771 1545 831 resumptis

150 842 293 886 animi
318 844 622 906 corporisque
652 844 854 901 viribus,
894 844 1067 889 ducum
1094 860 1286 889 suorum
1319 844 1545 889 exhorta-

150 918 275 962 tione
310 919 559 964 confortati
582 929 626 964 et
651 919 875 973 roborati,
900 919 1091 964 viriliter
1115 935 1169 964 ac
1193 929 1381 964 strenue
1402 922 1543 964 Fran-

147 1012 312 1040 corum
348 998 689 1057 Scotorunique
713 996 870 1059 copias
901 1005 1216 1058 exceperunt,
1248 1005 1324 1052 et,
1364 995 1544 1041 fortiter

148 1071 439 1127 dimicantes,
468 1071 679 1133 pluribus
711 1071 916 1116 bostium
950 1070 1233 1116 vertentibus
1267 1081 1409 1133 terga,
1439 1088 1543 1118 ma-

148 1164 286 1208 gnam
311 1165 365 1192 ex
390 1147 563 1192 eisdem
593 1147 764 1193 caedem
788 1157 1081 1208 stragemque
1108 1147 1334 1192 fecerunt.

211 1226 387 1267 Omnes
430 1223 519 1268 illic
556 1226 803 1268 Scotorum
836 1223 980 1285 copiae
1014 1239 1120 1267 curn
1163 1224 1256 1268 suis
1294 1225 1543 1286 przenomi-

147 1299 265 1343 natis
294 1298 491 1343 (lucibus
522 1316 650 1361 paene
678 1299 910 1344 exstinctae
934 1308 1071 1354 sunt,
1105 1299 1283 1361 fuitque
1318 1301 1437 1345 inter
1465 1316 1544 1345 eos

145 1384 187 1419 el
214 1375 382 1437 Anglos
407 1375 484 1419 diu
510 1376 827 1438 acerrimeque
851 1384 1110 1437 pugnatum
1128 1411 1138 1431 ‚
1161 1392 1311 1438 usque
1336 1376 1394 1421 ad
1421 1385 1542 1422 tota-

145 1451 234 1496 lem
272 1467 437 1496 eorum
473 1451 858 1496 internecionem.
903 1453 965 1495 Ex
1002 1451 1189 1495 Francis
1230 1451 1369 1496 etiam
1409 1452 1543 1497 multi

145 1526 442 1583 ceciderunt,
495 1527 593 1571 aliis
650 1527 758 1571 susis
803 1526 983 1588 sibique
1036 1543 1118 1589 per
1172 1525 1327 1587 fugam
1371 1543 1541 1573 consu-

144 1602 363 1648 lentibus.
400 1603 576 1648 Cecidit
599 1602 661 1647 ibi
696 1619 852 1648 comes
877 1603 935 1648 de
966 1602 1214 1648 Alba-Mala
1248 1619 1356 1648 curn
1387 1605 1542 1650 multis

143 1678 241 1723 aliis
288 1679 526 1724 nobilibus
575 1682 879 1723 Francorum.
930 1681 1033 1723 Dux
1077 1678 1315 1723 Alenconii
1336 1716 1347 1737 ,
1390 1680 1540 1742 dejec-

141 1764 212 1800 tus
258 1755 318 1800 ad
366 1765 536 1800 terram
559 1791 569 1811 ,
617 1755 830 1799 confecto
872 1755 1028 1817 praelio
1046 1790 1057 1811 ,
1107 1755 1227 1799 inter
1273 1756 1538 1802 occisorum

140 1848 330 1878 acervos
378 1831 533 1878 adhuc
574 1831 733 1876 vivens
778 1842 1015 1895 repertus,
1061 1833 1270 1895 captivus
1307 1832 1537 1880 abductus

140 1918 224 1954 est.

204 1985 350 2029 Cessit
373 1984 528 2046 itaque
562 1983 716 2046 Anglis
737 2020 747 2040 ⁷
775 2000 871 2028 non
897 1984 1145 2030 incruenta
1171 1995 1325 2032 tamen
1346 2023 1356 2044 ,
1379 1986 1534 2032 victo-

140 2062 233 2119 ria;
268 2077 378 2106 nam
417 2070 462 2106 et
493 2078 547 2106 ex
582 2061 692 2123 ipsis
726 2060 860 2105 multi
899 2061 1189 2121 ceciderunt,
1239 2062 1377 2125 longe
1421 2080 1533 2110 vero

140 2137 311 2200 plures,
340 2138 542 2182 cruentis
576 2137 777 2200 acceptis
810 2137 1102 2197 vulneribus,
1135 2139 1193 2184 ad
1230 2141 1423 2204 propria
1459 2142 1533 2188 vel

139 2215 375 2260 redierunt
390 2214 461 2259 vel
476 2214 709 2276 deportati
729 2223 854 2259 suni.
872 2215 1172 2261 Horrendum
1190 2217 1326 2263 valde
1344 2228 1532 2281 aspectu

139 2301 235 2336 erat
262 2290 354 2336 illic
385 2307 610 2335 caesorum
642 2291 811 2335 intueri
836 2307 1024 2337 acervos
1053 2309 1248 2355 magnos
1273 2303 1317 2339 et
1341 2293 1528 2354 densos,

136 2368 366 2431 praecipue
386 2367 465 2412 ubi
481 2383 588 2412 cum
609 2367 757 2411 Scotis
777 2384 930 2429 pugna
955 2367 1119 2429 fuerat,
1142 2386 1166 2414 e
1184 2369 1353 2431 quibus
1377 2371 1532 2418 nullus

136 2453 186 2488 ut
209 2444 416 2507 captivus
438 2442 746 2490 abduceretur
769 2453 975 2489 servatus
994 2455 1085 2504 est3
1110 2462 1229 2508 quos
1248 2447 1387 2492 etiam
1404 2463 1531 2493 acer-

135 2536 218 2565 vos
252 2520 457 2582 plurium
486 2519 751 2582 permixtim
775 2536 999 2566 caesorum
1024 2538 1079 2567 ex
1106 2522 1306 2585 Anglicis
1331 2539 1532 2587 corpora

133 2596 447 2658 adaugebant.

198 2674 316 2718 Huic
339 2683 494 2719 autem
525 2689 690 2736 pugnee
714 2672 953 2719 acerbitati
984 2674 1341 2738 crudelitatique
1367 2678 1533 2723 Scoto-

132 2765 239 2795 rum
262 2749 481 2813 superbia
513 2759 652 2810 atque
686 2751 988 2813 praesumptio
1009 2767 1197 2797 causam
1222 2753 1391 2799 attulit.
1415 2757 1534 2801 Cum
