<?xml version="1.0" encoding="UTF-8"?>
<!DOCTYPE html PUBLIC "-//W3C//DTD XHTML 1.0 Transitional//EN"
    "http://www.w3.org/TR/xhtml1/DTD/xhtml1-transitional.dtd">
<html xmlns="http://www.w3.org/1999/xhtml" xml:lang="en" lang="en">
 <head>
  <title>
</title>
<meta http-equiv="Content-Type" content="text/html;charset=utf-8" />
  <meta name='ocr-system' content='tesseract 3.04.00' />
  <meta name='ocr-capabilities' content='ocr_page ocr_carea ocr_par ocr_line ocrx_word'/>
</head>
<body>
  <div class='ocr_page' id='page_1' title='image "./histoiredesrgn01basi_0466.png"; bbox 0 0 2037 3442; ppageno 0'>
   <div class='ocr_carea' id='block_1_1' title="bbox 389 367 1404 407">
    <p class='ocr_par' dir='ltr' id='par_1_1' title="bbox 389 367 1404 407">
     <span class='ocr_line' id='line_1_1' title="bbox 389 367 1404 407; baseline -0.004 -2"><span class='ocrx_word' id='word_1_1' title='bbox 389 372 463 407; x_wconf 55' lang='lat'>2394</span> <span class='ocrx_word' id='word_1_2' title='bbox 766 367 1103 405; x_wconf 86' lang='lat' dir='ltr'><strong>HISTORIARUM</strong></span> <span class='ocrx_word' id='word_1_3' title='bbox 1131 367 1309 403; x_wconf 87' lang='lat' dir='ltr'><strong>CAROLI</strong></span> <span class='ocrx_word' id='word_1_4' title='bbox 1337 369 1404 403; x_wconf 76' lang='lat' dir='ltr'>VM</span> 
     </span>
    </p>
   </div>
   <div class='ocr_carea' id='block_1_2' title="bbox 382 446 1790 2665">
    <p class='ocr_par' dir='ltr' id='par_1_2' title="bbox 384 446 1790 1821">
     <span class='ocr_line' id='line_1_2' title="bbox 387 446 1786 512; baseline -0.001 -15"><span class='ocrx_word' id='word_1_5' title='bbox 387 462 453 509; x_wconf 84' lang='lat' dir='ltr'>et,</span> <span class='ocrx_word' id='word_1_6' title='bbox 493 460 541 495; x_wconf 89' lang='lat' dir='ltr'>ut</span> <span class='ocrx_word' id='word_1_7' title='bbox 573 450 716 512; x_wconf 84' lang='lat' dir='ltr'>ipsius</span> <span class='ocrx_word' id='word_1_8' title='bbox 756 448 940 493; x_wconf 86' lang='lat' dir='ltr'>indoles</span> <span class='ocrx_word' id='word_1_9' title='bbox 972 447 1312 511; x_wconf 83' lang='lat' dir='ltr'>portendebat,</span> <span class='ocrx_word' id='word_1_10' title='bbox 1355 458 1523 508; x_wconf 80' lang='lat' dir='ltr'>magna</span> <span class='ocrx_word' id='word_1_11' title='bbox 1560 457 1602 494; x_wconf 86' lang='lat' dir='ltr'>et</span> <span class='ocrx_word' id='word_1_12' title='bbox 1640 446 1786 495; x_wconf 87' lang='lat' dir='ltr'>ardua</span> 
     </span>
     <span class='ocr_line' id='line_1_3' title="bbox 388 523 1788 582; baseline -0.001 -10"><span class='ocrx_word' id='word_1_13' title='bbox 388 529 506 572; x_wconf 79' lang='lat' dir='ltr'>foret</span> <span class='ocrx_word' id='word_1_14' title='bbox 529 525 838 571; x_wconf 80' lang='lat' dir='ltr'>verisimiliter</span> <span class='ocrx_word' id='word_1_15' title='bbox 863 523 1124 582; x_wconf 90' lang='lat' dir='ltr'>subiturus,</span> <span class='ocrx_word' id='word_1_16' title='bbox 1161 526 1197 570; x_wconf 90' lang='lat' dir='ltr'>si</span> <span class='ocrx_word' id='word_1_17' title='bbox 1230 525 1276 569; x_wconf 94' lang='lat' dir='ltr'>in</span> <span class='ocrx_word' id='word_1_18' title='bbox 1300 525 1479 569; x_wconf 80' lang='lat' dir='ltr'>virilem</span> <span class='ocrx_word' id='word_1_19' title='bbox 1511 525 1788 571; x_wconf 79' lang='lat' dir='ltr'>excrevisset</span> 
     </span>
     <span class='ocr_line' id='line_1_4' title="bbox 385 603 1788 667; baseline -0.001 -16"><span class='ocrx_word' id='word_1_20' title='bbox 385 615 585 663; x_wconf 77' lang='lat' dir='ltr'>aetatem,</span> <span class='ocrx_word' id='word_1_21' title='bbox 613 620 718 667; x_wconf 86' lang='lat' dir='ltr'>spes</span> <span class='ocrx_word' id='word_1_22' title='bbox 743 619 839 649; x_wconf 84' lang='lat' dir='ltr'>non</span> <span class='ocrx_word' id='word_1_23' title='bbox 861 603 1048 649; x_wconf 89' lang='lat' dir='ltr'>modica</span> <span class='ocrx_word' id='word_1_24' title='bbox 1073 603 1132 649; x_wconf 89' lang='lat' dir='ltr'>de</span> <span class='ocrx_word' id='word_1_25' title='bbox 1156 621 1213 649; x_wconf 87' lang='lat' dir='ltr'>eo</span> <span class='ocrx_word' id='word_1_26' title='bbox 1237 604 1424 667; x_wconf 83' lang='lat' dir='ltr'>concipi</span> <span class='ocrx_word' id='word_1_27' title='bbox 1450 614 1633 667; x_wconf 84' lang='lat' dir='ltr'>poterat</span> <span class='ocrx_word' id='word_1_28' title='bbox 1656 604 1788 667; x_wconf 87' lang='lat' dir='ltr'>quod</span> 
     </span>
     <span class='ocr_line' id='line_1_5' title="bbox 385 679 1784 745; baseline -0.001 -18"><span class='ocrx_word' id='word_1_29' title='bbox 385 683 506 745; x_wconf 89' lang='lat' dir='ltr'>ipse,</span> <span class='ocrx_word' id='word_1_30' title='bbox 533 698 643 726; x_wconf 90' lang='lat' dir='ltr'>cum</span> <span class='ocrx_word' id='word_1_31' title='bbox 669 680 841 726; x_wconf 82' lang='lat' dir='ltr'>auxilio</span> <span class='ocrx_word' id='word_1_32' title='bbox 868 679 1069 725; x_wconf 86' lang='lat' dir='ltr'>aliorum</span> <span class='ocrx_word' id='word_1_33' title='bbox 1093 680 1364 744; x_wconf 77' lang='lat' dir='ltr'>principum</span> <span class='ocrx_word' id='word_1_34' title='bbox 1391 679 1754 726; x_wconf 84' lang='lat' dir='ltr'>christianorum</span> <span class='ocrx_word' id='word_1_35' title='bbox 1773 718 1784 739; x_wconf 96' lang='lat'>,</span> 
     </span>
     <span class='ocr_line' id='line_1_6' title="bbox 385 755 1789 821; baseline -0.001 -18"><span class='ocrx_word' id='word_1_36' title='bbox 385 757 626 821; x_wconf 82' lang='lat' dir='ltr'>potissime</span> <span class='ocrx_word' id='word_1_37' title='bbox 675 759 963 801; x_wconf 77' lang='lat' dir='ltr'>Francorum</span> <span class='ocrx_word' id='word_1_38' title='bbox 1010 755 1097 801; x_wconf 89' lang='lat' dir='ltr'>sibi</span> <span class='ocrx_word' id='word_1_39' title='bbox 1135 756 1369 817; x_wconf 88' lang='lat' dir='ltr'>adjunctis</span> <span class='ocrx_word' id='word_1_40' title='bbox 1407 755 1615 816; x_wconf 84' lang='lat' dir='ltr'>viribus,</span> <span class='ocrx_word' id='word_1_41' title='bbox 1661 756 1789 803; x_wconf 89' lang='lat' dir='ltr'>illam</span> 
     </span>
     <span class='ocr_line' id='line_1_7' title="bbox 385 833 1789 896; baseline -0.001 -16"><span class='ocrx_word' id='word_1_42' title='bbox 385 844 629 880; x_wconf 81' lang='lat' dir='ltr'>cruentam</span> <span class='ocrx_word' id='word_1_43' title='bbox 654 833 879 893; x_wconf 88' lang='lat' dir='ltr'>bestiam,</span> <span class='ocrx_word' id='word_1_44' title='bbox 909 836 1164 878; x_wconf 84' lang='lat' dir='ltr'>Turcarum</span> <span class='ocrx_word' id='word_1_45' title='bbox 1198 833 1555 896; x_wconf 77' lang='lat' dir='ltr'>imperatorem,</span> <span class='ocrx_word' id='word_1_46' title='bbox 1582 833 1640 878; x_wconf 94' lang='lat' dir='ltr'>de</span> <span class='ocrx_word' id='word_1_47' title='bbox 1668 836 1789 879; x_wconf 77' lang='lat' dir='ltr'>Grae-</span> 
     </span>
     <span class='ocr_line' id='line_1_8' title="bbox 386 907 1782 973; baseline -0.001 -17"><span class='ocrx_word' id='word_1_48' title='bbox 386 912 467 956; x_wconf 80' lang='lat' dir='ltr'>ciae</span> <span class='ocrx_word' id='word_1_49' title='bbox 491 920 533 957; x_wconf 85' lang='lat' dir='ltr'>et</span> <span class='ocrx_word' id='word_1_50' title='bbox 558 911 698 956; x_wconf 85' lang='lat' dir='ltr'>totius</span> <span class='ocrx_word' id='word_1_51' title='bbox 719 913 917 973; x_wconf 69' lang='lat' dir='ltr'>Europae</span> <span class='ocrx_word' id='word_1_52' title='bbox 932 908 1104 954; x_wconf 88' lang='lat' dir='ltr'>finibus</span> <span class='ocrx_word' id='word_1_53' title='bbox 1128 909 1350 972; x_wconf 89' lang='lat' dir='ltr'>ejecisset.</span> <span class='ocrx_word' id='word_1_54' title='bbox 1372 908 1463 954; x_wconf 85' lang='lat' dir='ltr'>Sed</span> <span class='ocrx_word' id='word_1_55' title='bbox 1479 925 1627 968; x_wconf 88' lang='lat' dir='ltr'>secus,</span> <span class='ocrx_word' id='word_1_56' title='bbox 1646 907 1782 955; x_wconf 85' lang='lat' dir='ltr'>heus!</span> 
     </span>
     <span class='ocr_line' id='line_1_9' title="bbox 386 985 1790 1051; baseline -0.002 -17"><span class='ocrx_word' id='word_1_57' title='bbox 386 989 617 1034; x_wconf 88' lang='lat' dir='ltr'>divinitati</span> <span class='ocrx_word' id='word_1_58' title='bbox 641 987 839 1051; x_wconf 81' lang='lat' dir='ltr'>placuit,</span> <span class='ocrx_word' id='word_1_59' title='bbox 870 987 1045 1032; x_wconf 86' lang='lat' dir='ltr'>volenti</span> <span class='ocrx_word' id='word_1_60' title='bbox 1079 986 1235 1031; x_wconf 88' lang='lat' dir='ltr'>adhuc</span> <span class='ocrx_word' id='word_1_61' title='bbox 1266 985 1543 1048; x_wconf 81' lang='lat' dir='ltr'>(bominum</span> <span class='ocrx_word' id='word_1_62' title='bbox 1570 987 1790 1048; x_wconf 81' lang='lat' dir='ltr'>exigenti-</span> 
     </span>
     <span class='ocr_line' id='line_1_10' title="bbox 385 1063 1789 1129; baseline -0.003 -17"><span class='ocrx_word' id='word_1_63' title='bbox 385 1066 475 1112; x_wconf 86' lang='lat' dir='ltr'>bus</span> <span class='ocrx_word' id='word_1_64' title='bbox 509 1066 736 1129; x_wconf 85' lang='lat' dir='ltr'>peccatis)</span> <span class='ocrx_word' id='word_1_65' title='bbox 764 1064 1131 1110; x_wconf 86' lang='lat' dir='ltr'>christianorum</span> <span class='ocrx_word' id='word_1_66' title='bbox 1157 1073 1300 1109; x_wconf 89' lang='lat' dir='ltr'>terras</span> <span class='ocrx_word' id='word_1_67' title='bbox 1330 1076 1415 1126; x_wconf 87' lang='lat' dir='ltr'>per</span> <span class='ocrx_word' id='word_1_68' title='bbox 1440 1065 1552 1109; x_wconf 86' lang='lat' dir='ltr'>tales</span> <span class='ocrx_word' id='word_1_69' title='bbox 1578 1063 1789 1109; x_wconf 82' lang='lat' dir='ltr'>infideles</span> 
     </span>
     <span class='ocr_line' id='line_1_11' title="bbox 386 1140 1790 1205; baseline -0.002 -17"><span class='ocrx_word' id='word_1_70' title='bbox 386 1153 614 1205; x_wconf 83' lang='lat' dir='ltr'>tyrannos</span> <span class='ocrx_word' id='word_1_71' title='bbox 640 1141 863 1204; x_wconf 83' lang='lat' dir='ltr'>flagellari</span> <span class='ocrx_word' id='word_1_72' title='bbox 887 1150 933 1186; x_wconf 93' lang='lat' dir='ltr'>et</span> <span class='ocrx_word' id='word_1_73' title='bbox 957 1141 1091 1186; x_wconf 83' lang='lat' dir='ltr'>atteri</span> <span class='ocrx_word' id='word_1_74' title='bbox 1112 1178 1122 1200; x_wconf 92' lang='lat'>,</span> <span class='ocrx_word' id='word_1_75' title='bbox 1150 1157 1237 1203; x_wconf 93' lang='lat' dir='ltr'>pro</span> <span class='ocrx_word' id='word_1_76' title='bbox 1262 1156 1401 1185; x_wconf 82' lang='lat' dir='ltr'>sacrae</span> <span class='ocrx_word' id='word_1_77' title='bbox 1423 1141 1665 1203; x_wconf 82' lang='lat' dir='ltr'>potissime</span> <span class='ocrx_word' id='word_1_78' title='bbox 1688 1140 1790 1186; x_wconf 87' lang='lat' dir='ltr'>reli-</span> 
     </span>
     <span class='ocr_line' id='line_1_12' title="bbox 385 1217 1789 1282; baseline -0.001 -17"><span class='ocrx_word' id='word_1_79' title='bbox 385 1221 535 1282; x_wconf 86' lang='lat' dir='ltr'>gionis</span> <span class='ocrx_word' id='word_1_80' title='bbox 558 1219 798 1281; x_wconf 78' lang='lat' dir='ltr'>neglectu3</span> <span class='ocrx_word' id='word_1_81' title='bbox 828 1235 947 1281; x_wconf 77' lang='lat' dir='ltr'>quae,</span> <span class='ocrx_word' id='word_1_82' title='bbox 973 1235 1081 1263; x_wconf 89' lang='lat' dir='ltr'>cum</span> <span class='ocrx_word' id='word_1_83' title='bbox 1104 1217 1218 1263; x_wconf 89' lang='lat' dir='ltr'>olim</span> <span class='ocrx_word' id='word_1_84' title='bbox 1247 1218 1294 1263; x_wconf 90' lang='lat' dir='ltr'>in</span> <span class='ocrx_word' id='word_1_85' title='bbox 1322 1234 1506 1263; x_wconf 82' lang='lat' dir='ltr'>summa</span> <span class='ocrx_word' id='word_1_86' title='bbox 1530 1218 1789 1264; x_wconf 77' lang='lat' dir='ltr'>reverentia</span> 
     </span>
     <span class='ocr_line' id='line_1_13' title="bbox 385 1294 1789 1358; baseline 0 -18"><span class='ocrx_word' id='word_1_87' title='bbox 385 1306 525 1358; x_wconf 79' lang='lat' dir='ltr'>atque</span> <span class='ocrx_word' id='word_1_88' title='bbox 547 1295 842 1341; x_wconf 87' lang='lat' dir='ltr'>observantia</span> <span class='ocrx_word' id='word_1_89' title='bbox 857 1332 867 1352; x_wconf 90' lang='lat'>,</span> <span class='ocrx_word' id='word_1_90' title='bbox 889 1294 1152 1340; x_wconf 85' lang='lat' dir='ltr'>secundum</span> <span class='ocrx_word' id='word_1_91' title='bbox 1168 1295 1359 1339; x_wconf 85' lang='lat' dir='ltr'>Domini</span> <span class='ocrx_word' id='word_1_92' title='bbox 1374 1294 1623 1339; x_wconf 82' lang='lat' dir='ltr'>Salvatoris</span> <span class='ocrx_word' id='word_1_93' title='bbox 1641 1295 1789 1340; x_wconf 81' lang='lat' dir='ltr'>nostri</span> 
     </span>
     <span class='ocr_line' id='line_1_14' title="bbox 386 1370 1788 1434; baseline -0.001 -17"><span class='ocrx_word' id='word_1_94' title='bbox 386 1372 706 1433; x_wconf 79' lang='lat' dir='ltr'>evangelicam</span> <span class='ocrx_word' id='word_1_95' title='bbox 741 1381 786 1416; x_wconf 85' lang='lat' dir='ltr'>et</span> <span class='ocrx_word' id='word_1_96' title='bbox 818 1371 1128 1434; x_wconf 86' lang='lat' dir='ltr'>apostolicam</span> <span class='ocrx_word' id='word_1_97' title='bbox 1164 1370 1431 1416; x_wconf 81' lang='lat' dir='ltr'>doctrinam</span> <span class='ocrx_word' id='word_1_98' title='bbox 1466 1380 1605 1433; x_wconf 90' lang='lat' dir='ltr'>atque</span> <span class='ocrx_word' id='word_1_99' title='bbox 1646 1371 1788 1416; x_wconf 87' lang='lat' dir='ltr'>tradi-</span> 
     </span>
     <span class='ocr_line' id='line_1_15' title="bbox 387 1445 1790 1510; baseline -0.001 -17"><span class='ocrx_word' id='word_1_100' title='bbox 387 1449 588 1505; x_wconf 79' lang='lat' dir='ltr'>tionem,</span> <span class='ocrx_word' id='word_1_101' title='bbox 617 1447 853 1493; x_wconf 81' lang='lat' dir='ltr'>coleretur</span> <span class='ocrx_word' id='word_1_102' title='bbox 879 1447 1070 1510; x_wconf 85' lang='lat' dir='ltr'>passim,</span> <span class='ocrx_word' id='word_1_103' title='bbox 1101 1464 1252 1504; x_wconf 88' lang='lat' dir='ltr'>nunc,</span> <span class='ocrx_word' id='word_1_104' title='bbox 1280 1447 1401 1510; x_wconf 90' lang='lat' dir='ltr'>proh</span> <span class='ocrx_word' id='word_1_105' title='bbox 1435 1445 1597 1492; x_wconf 80' lang='lat' dir='ltr'>dolor!</span> <span class='ocrx_word' id='word_1_106' title='bbox 1630 1463 1654 1492; x_wconf 85' lang='lat' dir='ltr'>a</span> <span class='ocrx_word' id='word_1_107' title='bbox 1686 1448 1790 1509; x_wconf 89' lang='lat' dir='ltr'>qui-</span> 
     </span>
     <span class='ocr_line' id='line_1_16' title="bbox 385 1523 1790 1587; baseline -0.001 -18"><span class='ocrx_word' id='word_1_108' title='bbox 385 1525 568 1586; x_wconf 77' lang='lat' dir='ltr'>busque</span> <span class='ocrx_word' id='word_1_109' title='bbox 592 1524 771 1587; x_wconf 82' lang='lat' dir='ltr'>absque</span> <span class='ocrx_word' id='word_1_110' title='bbox 799 1523 895 1568; x_wconf 87' lang='lat' dir='ltr'>ullo</span> <span class='ocrx_word' id='word_1_111' title='bbox 924 1523 1111 1568; x_wconf 88' lang='lat' dir='ltr'>delectu</span> <span class='ocrx_word' id='word_1_112' title='bbox 1136 1523 1376 1582; x_wconf 86' lang='lat' dir='ltr'>irridetur,</span> <span class='ocrx_word' id='word_1_113' title='bbox 1411 1533 1714 1586; x_wconf 78' lang='lat' dir='ltr'>oppugnatur</span> <span class='ocrx_word' id='word_1_114' title='bbox 1745 1533 1790 1569; x_wconf 88' lang='lat' dir='ltr'>et</span> 
     </span>
     <span class='ocr_line' id='line_1_17' title="bbox 385 1603 1789 1666; baseline -0.001 -16"><span class='ocrx_word' id='word_1_115' title='bbox 385 1606 608 1662; x_wconf 68' lang='lat' dir='ltr'>caicatur,</span> <span class='ocrx_word' id='word_1_116' title='bbox 637 1614 682 1649; x_wconf 88' lang='lat' dir='ltr'>et</span> <span class='ocrx_word' id='word_1_117' title='bbox 708 1604 766 1649; x_wconf 83' lang='lat' dir='ltr'>ab</span> <span class='ocrx_word' id='word_1_118' title='bbox 791 1603 879 1650; x_wconf 86' lang='lat' dir='ltr'>illis</span> <span class='ocrx_word' id='word_1_119' title='bbox 902 1604 1145 1666; x_wconf 86' lang='lat' dir='ltr'>potissime</span> <span class='ocrx_word' id='word_1_120' title='bbox 1170 1603 1330 1665; x_wconf 79' lang='lat' dir='ltr'>(quod</span> <span class='ocrx_word' id='word_1_121' title='bbox 1355 1603 1622 1649; x_wconf 87' lang='lat' dir='ltr'>sceleratius</span> <span class='ocrx_word' id='word_1_122' title='bbox 1646 1613 1690 1648; x_wconf 92' lang='lat' dir='ltr'>et</span> <span class='ocrx_word' id='word_1_123' title='bbox 1718 1603 1789 1648; x_wconf 92' lang='lat' dir='ltr'>di-</span> 
     </span>
     <span class='ocr_line' id='line_1_18' title="bbox 384 1680 1790 1743; baseline -0.001 -17"><span class='ocrx_word' id='word_1_124' title='bbox 384 1681 566 1726; x_wconf 73' lang='lat' dir='ltr'>vinitati</span> <span class='ocrx_word' id='word_1_125' title='bbox 612 1680 936 1743; x_wconf 81' lang='lat' dir='ltr'>displicibilius</span> <span class='ocrx_word' id='word_1_126' title='bbox 980 1680 1215 1741; x_wconf 73' lang='lat' dir='ltr'>exsistit),</span> <span class='ocrx_word' id='word_1_127' title='bbox 1263 1680 1343 1742; x_wconf 89' lang='lat' dir='ltr'>qui</span> <span class='ocrx_word' id='word_1_128' title='bbox 1388 1686 1492 1726; x_wconf 86' lang='lat' dir='ltr'>eam</span> <span class='ocrx_word' id='word_1_129' title='bbox 1530 1680 1790 1742; x_wconf 83' lang='lat' dir='ltr'>religiosius</span> 
     </span>
     <span class='ocr_line' id='line_1_19' title="bbox 385 1755 1509 1821; baseline -0.001 -20"><span class='ocrx_word' id='word_1_130' title='bbox 385 1757 622 1815; x_wconf 77' lang='lat' dir='ltr'>excolere,</span> <span class='ocrx_word' id='word_1_131' title='bbox 650 1757 791 1803; x_wconf 87' lang='lat' dir='ltr'>tutari</span> <span class='ocrx_word' id='word_1_132' title='bbox 817 1766 862 1801; x_wconf 90' lang='lat' dir='ltr'>et</span> <span class='ocrx_word' id='word_1_133' title='bbox 885 1756 1139 1821; x_wconf 78' lang='lat' dir='ltr'>defendere</span> <span class='ocrx_word' id='word_1_134' title='bbox 1163 1755 1509 1818; x_wconf 84' lang='lat' dir='ltr'>obligabantur.</span> 
     </span>
    </p>

    <p class='ocr_par' dir='ltr' id='par_1_3' title="bbox 382 1831 1790 2665">
     <span class='ocr_line' id='line_1_20' title="bbox 451 1831 1790 1894; baseline 0 -17"><span class='ocrx_word' id='word_1_135' title='bbox 451 1837 655 1878; x_wconf 80' lang='lat' dir='ltr'>Eventus</span> <span class='ocrx_word' id='word_1_136' title='bbox 686 1842 842 1878; x_wconf 85' lang='lat' dir='ltr'>tamen</span> <span class='ocrx_word' id='word_1_137' title='bbox 878 1831 1149 1893; x_wconf 83' lang='lat' dir='ltr'>hujusmodi</span> <span class='ocrx_word' id='word_1_138' title='bbox 1185 1849 1280 1877; x_wconf 86' lang='lat' dir='ltr'>non</span> <span class='ocrx_word' id='word_1_139' title='bbox 1318 1833 1547 1878; x_wconf 87' lang='lat' dir='ltr'>infaustus</span> <span class='ocrx_word' id='word_1_140' title='bbox 1583 1836 1790 1894; x_wconf 81' lang='lat' dir='ltr'>Burgun-</span> 
     </span>
     <span class='ocr_line' id='line_1_21' title="bbox 385 1909 1788 1972; baseline -0.002 -16"><span class='ocrx_word' id='word_1_141' title='bbox 385 1910 584 1956; x_wconf 86' lang='lat' dir='ltr'>dionum</span> <span class='ocrx_word' id='word_1_142' title='bbox 610 1909 719 1954; x_wconf 87' lang='lat' dir='ltr'>duci</span> <span class='ocrx_word' id='word_1_143' title='bbox 739 1909 848 1967; x_wconf 78' lang='lat' dir='ltr'>fuit,</span> <span class='ocrx_word' id='word_1_144' title='bbox 868 1909 948 1971; x_wconf 84' lang='lat' dir='ltr'>qui</span> <span class='ocrx_word' id='word_1_145' title='bbox 964 1926 1072 1954; x_wconf 88' lang='lat' dir='ltr'>eum</span> <span class='ocrx_word' id='word_1_146' title='bbox 1086 1909 1388 1955; x_wconf 84' lang='lat' dir='ltr'>acerbissimo</span> <span class='ocrx_word' id='word_1_147' title='bbox 1404 1920 1446 1954; x_wconf 89' lang='lat' dir='ltr'>et</span> <span class='ocrx_word' id='word_1_148' title='bbox 1463 1910 1788 1972; x_wconf 85' lang='lat' dir='ltr'>potentissimo</span> 
     </span>
     <span class='ocr_line' id='line_1_22' title="bbox 384 1985 1786 2049; baseline -0.001 -18"><span class='ocrx_word' id='word_1_149' title='bbox 384 1987 519 2032; x_wconf 67' lang='lat' dir='ltr'>hoste</span> <span class='ocrx_word' id='word_1_150' title='bbox 547 1985 785 2039; x_wconf 83' lang='lat' dir='ltr'>liberavit;</span> <span class='ocrx_word' id='word_1_151' title='bbox 814 1986 947 2048; x_wconf 80' lang='lat' dir='ltr'>cujus</span> <span class='ocrx_word' id='word_1_152' title='bbox 972 1987 1080 2031; x_wconf 87' lang='lat' dir='ltr'>satis</span> <span class='ocrx_word' id='word_1_153' title='bbox 1097 1987 1405 2049; x_wconf 87' lang='lat' dir='ltr'>conspicuum</span> <span class='ocrx_word' id='word_1_154' title='bbox 1428 1997 1526 2031; x_wconf 88' lang='lat' dir='ltr'>erat</span> <span class='ocrx_word' id='word_1_155' title='bbox 1550 1986 1786 2043; x_wconf 84' lang='lat' dir='ltr'>Carolum,</span> 
     </span>
     <span class='ocr_line' id='line_1_23' title="bbox 385 2063 1785 2126; baseline 0.001 -19"><span class='ocrx_word' id='word_1_156' title='bbox 385 2079 543 2125; x_wconf 77' lang='lat' dir='ltr'>regem</span> <span class='ocrx_word' id='word_1_157' title='bbox 561 2066 867 2119; x_wconf 84' lang='lat' dir='ltr'>Francorum,</span> <span class='ocrx_word' id='word_1_158' title='bbox 889 2063 1074 2108; x_wconf 87' lang='lat' dir='ltr'>charius</span> <span class='ocrx_word' id='word_1_159' title='bbox 1090 2063 1239 2108; x_wconf 83' lang='lat' dir='ltr'>foedus</span> <span class='ocrx_word' id='word_1_160' title='bbox 1254 2073 1470 2126; x_wconf 85' lang='lat' dir='ltr'>expetere</span> <span class='ocrx_word' id='word_1_161' title='bbox 1489 2073 1533 2108; x_wconf 89' lang='lat' dir='ltr'>et</span> <span class='ocrx_word' id='word_1_162' title='bbox 1551 2063 1785 2126; x_wconf 84' lang='lat' dir='ltr'>amplecti,</span> 
     </span>
     <span class='ocr_line' id='line_1_24' title="bbox 386 2139 1789 2203; baseline 0.001 -19"><span class='ocrx_word' id='word_1_163' title='bbox 386 2150 460 2197; x_wconf 88' lang='lat' dir='ltr'>nt,</span> <span class='ocrx_word' id='word_1_164' title='bbox 490 2139 763 2185; x_wconf 76' lang='lat' dir='ltr'>auxiliatore</span> <span class='ocrx_word' id='word_1_165' title='bbox 786 2140 891 2200; x_wconf 83' lang='lat' dir='ltr'>tali,</span> <span class='ocrx_word' id='word_1_166' title='bbox 922 2140 1083 2185; x_wconf 85' lang='lat' dir='ltr'>ulcisci</span> <span class='ocrx_word' id='word_1_167' title='bbox 1107 2157 1154 2186; x_wconf 91' lang='lat' dir='ltr'>se</span> <span class='ocrx_word' id='word_1_168' title='bbox 1178 2157 1265 2203; x_wconf 89' lang='lat' dir='ltr'>pro</span> <span class='ocrx_word' id='word_1_169' title='bbox 1295 2150 1404 2186; x_wconf 86' lang='lat' dir='ltr'>voto</span> <span class='ocrx_word' id='word_1_170' title='bbox 1430 2157 1516 2186; x_wconf 91' lang='lat' dir='ltr'>suo</span> <span class='ocrx_word' id='word_1_171' title='bbox 1536 2141 1595 2186; x_wconf 94' lang='lat' dir='ltr'>de</span> <span class='ocrx_word' id='word_1_172' title='bbox 1619 2141 1789 2186; x_wconf 87' lang='lat' dir='ltr'>eodem</span> 
     </span>
     <span class='ocr_line' id='line_1_25' title="bbox 386 2216 1789 2280; baseline 0.001 -20"><span class='ocrx_word' id='word_1_173' title='bbox 386 2216 779 2277; x_wconf 77' lang='lat' dir='ltr'>Burgundionum</span> <span class='ocrx_word' id='word_1_174' title='bbox 799 2216 920 2261; x_wconf 85' lang='lat' dir='ltr'>duce</span> <span class='ocrx_word' id='word_1_175' title='bbox 937 2217 1183 2279; x_wconf 84' lang='lat' dir='ltr'>potuisset.</span> <span class='ocrx_word' id='word_1_176' title='bbox 1206 2217 1296 2262; x_wconf 85' lang='lat' dir='ltr'>Sed</span> <span class='ocrx_word' id='word_1_177' title='bbox 1321 2226 1365 2262; x_wconf 92' lang='lat' dir='ltr'>et</span> <span class='ocrx_word' id='word_1_178' title='bbox 1385 2233 1493 2262; x_wconf 86' lang='lat' dir='ltr'>cum</span> <span class='ocrx_word' id='word_1_179' title='bbox 1519 2217 1566 2262; x_wconf 88' lang='lat' dir='ltr'>in</span> <span class='ocrx_word' id='word_1_180' title='bbox 1587 2234 1639 2262; x_wconf 87' lang='lat' dir='ltr'>ea</span> <span class='ocrx_word' id='word_1_181' title='bbox 1658 2227 1789 2280; x_wconf 86' lang='lat' dir='ltr'>parte</span> 
     </span>
     <span class='ocr_line' id='line_1_26' title="bbox 382 2294 1789 2357; baseline 0.001 -19"><span class='ocrx_word' id='word_1_182' title='bbox 382 2294 508 2339; x_wconf 88' lang='lat' dir='ltr'>idem</span> <span class='ocrx_word' id='word_1_183' title='bbox 533 2297 820 2339; x_wconf 85' lang='lat' dir='ltr'>Francorum</span> <span class='ocrx_word' id='word_1_184' title='bbox 847 2311 953 2351; x_wconf 68' lang='lat' dir='ltr'>rex,</span> <span class='ocrx_word' id='word_1_185' title='bbox 982 2294 1113 2356; x_wconf 83' lang='lat' dir='ltr'>quod</span> <span class='ocrx_word' id='word_1_186' title='bbox 1143 2294 1388 2357; x_wconf 86' lang='lat' dir='ltr'>cupiebat,</span> <span class='ocrx_word' id='word_1_187' title='bbox 1422 2294 1616 2339; x_wconf 89' lang='lat' dir='ltr'>minime</span> <span class='ocrx_word' id='word_1_188' title='bbox 1650 2295 1789 2340; x_wconf 83' lang='lat' dir='ltr'>inve—-</span> 
     </span>
     <span class='ocr_line' id='line_1_27' title="bbox 385 2369 1789 2434; baseline 0 -19"><span class='ocrx_word' id='word_1_189' title='bbox 385 2371 524 2416; x_wconf 86' lang='lat' dir='ltr'>nisset</span> <span class='ocrx_word' id='word_1_190' title='bbox 545 2407 555 2428; x_wconf 90' lang='lat'>,</span> <span class='ocrx_word' id='word_1_191' title='bbox 587 2387 684 2415; x_wconf 93' lang='lat' dir='ltr'>non</span> <span class='ocrx_word' id='word_1_192' title='bbox 709 2371 887 2416; x_wconf 86' lang='lat' dir='ltr'>destitit</span> <span class='ocrx_word' id='word_1_193' title='bbox 909 2381 1084 2428; x_wconf 85' lang='lat' dir='ltr'>tamen,</span> <span class='ocrx_word' id='word_1_194' title='bbox 1104 2369 1391 2432; x_wconf 84' lang='lat' dir='ltr'>ubicumque</span> <span class='ocrx_word' id='word_1_195' title='bbox 1414 2371 1501 2416; x_wconf 89' lang='lat' dir='ltr'>sibi</span> <span class='ocrx_word' id='word_1_196' title='bbox 1525 2371 1789 2434; x_wconf 81' lang='lat' dir='ltr'>opitulatu—</span> 
     </span>
     <span class='ocr_line' id='line_1_28' title="bbox 384 2447 1789 2510; baseline 0.001 -20"><span class='ocrx_word' id='word_1_197' title='bbox 384 2464 489 2491; x_wconf 88' lang='lat' dir='ltr'>rum</span> <span class='ocrx_word' id='word_1_198' title='bbox 515 2448 744 2493; x_wconf 79' lang='lat' dir='ltr'>aestimare</span> <span class='ocrx_word' id='word_1_199' title='bbox 763 2458 920 2510; x_wconf 84' lang='lat' dir='ltr'>posset</span> <span class='ocrx_word' id='word_1_200' title='bbox 941 2458 986 2492; x_wconf 93' lang='lat' dir='ltr'>et</span> <span class='ocrx_word' id='word_1_201' title='bbox 1012 2448 1375 2510; x_wconf 82' lang='lat' dir='ltr'>undecumque,</span> <span class='ocrx_word' id='word_1_202' title='bbox 1400 2447 1576 2493; x_wconf 67' lang='lat' dir='ltr'>foedera</span> <span class='ocrx_word' id='word_1_203' title='bbox 1599 2447 1660 2493; x_wconf 87' lang='lat' dir='ltr'>ad</span> <span class='ocrx_word' id='word_1_204' title='bbox 1685 2464 1789 2492; x_wconf 75' lang='lat' dir='ltr'>eam</span> 
     </span>
     <span class='ocr_line' id='line_1_29' title="bbox 383 2523 1789 2588; baseline 0.002 -22"><span class='ocrx_word' id='word_1_205' title='bbox 383 2523 697 2570; x_wconf 83' lang='lat' dir='ltr'>intentionem</span> <span class='ocrx_word' id='word_1_206' title='bbox 722 2535 956 2588; x_wconf 80' lang='lat' dir='ltr'>expetere.</span> <span class='ocrx_word' id='word_1_207' title='bbox 987 2528 1103 2570; x_wconf 84' lang='lat' dir='ltr'>Nam</span> <span class='ocrx_word' id='word_1_208' title='bbox 1133 2535 1177 2570; x_wconf 89' lang='lat' dir='ltr'>et</span> <span class='ocrx_word' id='word_1_209' title='bbox 1210 2524 1384 2570; x_wconf 80' lang='lat' dir='ltr'>foedera</span> <span class='ocrx_word' id='word_1_210' title='bbox 1410 2542 1518 2570; x_wconf 89' lang='lat' dir='ltr'>cnm</span> <span class='ocrx_word' id='word_1_211' title='bbox 1543 2528 1789 2570; x_wconf 85' lang='lat' dir='ltr'>Dacorum</span> 
     </span>
     <span class='ocr_line' id='line_1_30' title="bbox 385 2601 1787 2665; baseline 0.003 -23"><span class='ocrx_word' id='word_1_212' title='bbox 385 2603 509 2660; x_wconf 73' lang='lat' dir='ltr'>reg&lt;÷¹</span> <span class='ocrx_word' id='word_1_213' title='bbox 539 2610 584 2645; x_wconf 88' lang='lat' dir='ltr'>et</span> <span class='ocrx_word' id='word_1_214' title='bbox 606 2618 713 2647; x_wconf 89' lang='lat' dir='ltr'>cum</span> <span class='ocrx_word' id='word_1_215' title='bbox 738 2601 955 2664; x_wconf 87' lang='lat' dir='ltr'>pluribus</span> <span class='ocrx_word' id='word_1_216' title='bbox 985 2602 1103 2647; x_wconf 79' lang='lat' dir='ltr'>sacri</span> <span class='ocrx_word' id='word_1_217' title='bbox 1126 2602 1310 2665; x_wconf 86' lang='lat' dir='ltr'>imperii</span> <span class='ocrx_word' id='word_1_218' title='bbox 1334 2601 1616 2648; x_wconf 84' lang='lat' dir='ltr'>electoribus</span> <span class='ocrx_word' id='word_1_219' title='bbox 1647 2611 1787 2664; x_wconf 85' lang='lat' dir='ltr'>atque</span> 
     </span>
    </p>
   </div>
   <div class='ocr_carea' id='block_1_3' title="bbox 384 2764 1785 2878">
    <p class='ocr_par' dir='ltr' id='par_1_4' title="bbox 384 2764 1785 2878">
     <span class='ocr_line' id='line_1_31' title="bbox 439 2764 1785 2806; baseline 0.004 -6"><span class='ocrx_word' id='word_1_220' title='bbox 439 2767 473 2800; x_wconf 88' lang='lat'>1.</span> <span class='ocrx_word' id='word_1_221' title='bbox 506 2764 711 2802; x_wconf 75' lang='lat' dir='ltr'>Cliristiern</span> <span class='ocrx_word' id='word_1_222' title='bbox 731 2769 792 2805; x_wconf 58' lang='lat' dir='ltr'><strong>Iffl‘.</strong></span> <span class='ocrx_word' id='word_1_223' title='bbox 810 2771 862 2804; x_wconf 91' lang='lat' dir='ltr'>Le</span> <span class='ocrx_word' id='word_1_224' title='bbox 882 2768 989 2804; x_wconf 77' lang='lat' dir='ltr'>traite</span> <span class='ocrx_word' id='word_1_225' title='bbox 1009 2781 1101 2805; x_wconf 82' lang='lat' dir='ltr'>avec</span> <span class='ocrx_word' id='word_1_226' title='bbox 1121 2782 1162 2805; x_wconf 86' lang='lat' dir='ltr'>ce</span> <span class='ocrx_word' id='word_1_227' title='bbox 1181 2769 1237 2805; x_wconf 90' lang='lat' dir='ltr'>roi</span> <span class='ocrx_word' id='word_1_228' title='bbox 1258 2778 1313 2806; x_wconf 85' lang='lat' dir='ltr'>est</span> <span class='ocrx_word' id='word_1_229' title='bbox 1333 2769 1382 2805; x_wconf 86' lang='lat' dir='ltr'>du</span> <span class='ocrx_word' id='word_1_230' title='bbox 1403 2771 1450 2805; x_wconf 70' lang='lat'>27</span> <span class='ocrx_word' id='word_1_231' title='bbox 1471 2769 1543 2806; x_wconf 86' lang='lat' dir='ltr'>mai</span> <span class='ocrx_word' id='word_1_232' title='bbox 1566 2771 1679 2806; x_wconf 64' lang='lat' dir='ltr'><strong>145ss.</strong></span> <span class='ocrx_word' id='word_1_233' title='bbox 1704 2771 1785 2806; x_wconf 91' lang='lat' dir='ltr'>Du-</span> 
     </span>
     <span class='ocr_line' id='line_1_32' title="bbox 384 2828 1281 2878; baseline 0 -17"><span class='ocrx_word' id='word_1_234' title='bbox 384 2833 487 2861; x_wconf 79' lang='lat' dir='ltr'>mont</span> <span class='ocrx_word' id='word_1_235' title='bbox 502 2856 511 2872; x_wconf 85' lang='lat'><strong><em>‚</em></strong></span> <span class='ocrx_word' id='word_1_236' title='bbox 533 2828 646 2873; x_wconf 68' lang='lat' dir='ltr'>Colps</span> <span class='ocrx_word' id='word_1_237' title='bbox 668 2828 951 2876; x_wconf 65' lang='lat' dir='ltr'>diplomacl&#39;qm&#39;‚</span> <span class='ocrx_word' id='word_1_238' title='bbox 975 2837 1000 2864; x_wconf 82' lang='lat' dir='ltr'>t.</span> <span class='ocrx_word' id='word_1_239' title='bbox 1028 2831 1105 2876; x_wconf 84' lang='lat' dir='ltr'>HI,</span> <span class='ocrx_word' id='word_1_240' title='bbox 1131 2843 1167 2878; x_wconf 81' lang='lat' dir='ltr'>p.</span> <span class='ocrx_word' id='word_1_241' title='bbox 1191 2831 1281 2867; x_wconf 66' lang='lat'>239,</span> 
     </span>
    </p>
   </div>
  </div>
 </body>
</html>
