2037 3442
716 280 858 315 LIBER
886 279 1125 324 QUARTUS.
1540 276 1616 311 223

221 364 454 426 picaretur
471 397 483 420 ‚
529 359 833 406 considerans
879 358 1137 422 prudenter
1183 366 1321 419 atque
1369 355 1618 401 intendens

223 441 480 503 Anglorum
509 438 769 503 praecipuos
807 437 949 482 duces
981 436 1073 481 illic
1108 433 1269 480 adesse
1302 449 1410 479 cum
1440 433 1619 495 magnis

223 517 496 564 militaribus
521 515 685 579 copiis,
714 513 851 560 simul
877 513 1014 558 etiam
1038 511 1232 558 eosdem
1256 510 1348 556 illic
1368 526 1496 555 arces
1519 510 1619 573 plu-

224 612 294 641 res
328 593 613 639 firmissimas
645 600 691 638 et
718 589 1050 636 munitissimas
1086 604 1344 651 occupare,
1376 596 1532 632 tamen
1567 602 1619 631 ex

223 671 452 717 sententia
476 679 520 715 et
544 667 881 715 deliberatione
902 665 1078 710 ducum
1099 681 1310 723 suorum,
1332 680 1391 709 ne
1414 664 1460 707 in
1486 671 1621 708 antea

224 749 345 793 cives
382 747 503 792 illius
541 746 628 791 loci
659 743 837 790 causari
860 751 1078 805 possent,
1108 757 1207 785 non
1238 756 1321 785 sua
1352 739 1514 801 culpa,
1541 739 1622 784 sed

223 825 377 888 potius
400 824 543 885 regis,
572 832 616 868 et
640 836 833 867 suorum
856 818 1135 882 negligentia
1159 827 1203 862 et
1229 816 1415 878 ignavia
1446 817 1623 862 stetisse

225 902 353 965 quod
376 901 462 948 sub
490 901 587 963 ejus
611 900 840 945 ditionem
863 913 961 943 non
990 896 1250 953 venissent,
1277 903 1454 940 tentare
1480 903 1526 939 et
1548 910 1624 938 ex-

224 979 366 1043 periri
402 977 607 1024 decrevit
645 976 682 1021 si
725 974 802 1020 illa
843 974 916 1020 via
952 981 1111 1038 posset
1152 970 1241 1017 sibi
1277 969 1447 1016 urbem
1499 969 1625 1016 illam

226 1055 598 1118 potentissimam
622 1052 878 1114 acquirere.

289 1132 493 1177 Admoto
518 1131 673 1192 itaque
690 1127 889 1174 exercitu
908 1125 1039 1187 juxta
1062 1125 1236 1170 moenia
1260 1124 1411 1182 urbis,
1439 1124 1499 1170 ad
1523 1141 1625 1188 par-

226 1217 318 1252 tem
359 1205 486 1251 illam
520 1204 601 1250 ubi
639 1201 965 1249 existimabant
1012 1210 1229 1247 auctores
1264 1199 1627 1263 conspirationis

224 1299 310 1346 pro
342 1298 590 1327 murorum
627 1280 839 1327 custodia
872 1279 1084 1338 adstare⁷
1123 1278 1338 1324 alacriter
1372 1277 1627 1324 insilientes

224 1358 391 1404 milites
425 1358 473 1403 in
501 1357 674 1404 vallum
697 1366 742 1403 et
765 1356 826 1402 ad
848 1355 1019 1420 pedem
1042 1356 1164 1400 muri
1200 1355 1492 1401 incurrentes
1512 1392 1522 1413 ,
1549 1353 1627 1400 alii

224 1452 307 1498 per
331 1434 476 1481 scalas
507 1433 826 1480 conscendere
845 1470 855 1490 ‚
893 1433 970 1480 alii
1003 1432 1221 1479 manibus
1245 1433 1624 1496 conspiratorum

223 1512 394 1558 attrahi
420 1522 465 1557 et
485 1511 723 1558 introduci
748 1527 930 1575 coepere
947 1514 973 1555 ¹.
1003 1510 1094 1556 Sed
1121 1527 1229 1556 eum
1253 1510 1431 1556 circum
1455 1510 1629 1557 moenia

223 1588 282 1634 ab
299 1589 420 1634 intra
440 1588 765 1651 adequitarent
787 1589 1046 1650 Anglorum
1067 1587 1209 1633 duces
1227 1603 1337 1633 cum
1354 1586 1629 1633 cohortibus

224 1665 424 1712 militum
443 1702 454 1724 ‚
482 1674 527 1712 et
549 1666 670 1711 inter
693 1674 882 1712 caeteros
906 1665 1168 1728 praecipuus
1191 1679 1350 1710 comes
1372 1663 1630 1710 Cherosbe—

277 1862 314 1900 1.
350 1878 365 1892 «
389 1860 583 1898 Acerrime
610 1859 819 1898 Senescalci
848 1866 884 1896 et
912 1858 1047 1896 Ballivi
1074 1858 1250 1896 cohortes
1286 1872 1487 1897 murorum
1518 1872 1631 1911 agge-

224 1931 305 1957 rem
333 1928 543 1971 occupant,
574 1919 784 1971 praecipites
810 1918 893 1956 altis
919 1918 1026 1956 fossis
1049 1918 1279 1965 illabuntur,
1314 1919 1464 1969 erigunt
1489 1919 1629 1964 scalas,

224 1979 433 2029 irrepentes
463 1980 566 2017 ferro
599 1979 746 2026 onusti,
777 1977 985 2016 ascendunt
1014 1978 1172 2024 moenia,
1204 1977 1311 2016 binas
1343 1991 1448 2016 arces
1480 1978 1631 2015 nancis-

225 2047 377 2085 cuntur,
398 2038 557 2076 animosi
575 2038 801 2089 populosam
821 2037 963 2074 intrant
987 2038 1119 2075 urbem
1135 2067 1144 2085 ‚
1168 2037 1477 2089 magnanimique
1502 2038 1603 2075 cives
1620 2067 1629 2083 ‚

224 2097 343 2147 ipsius
365 2098 556 2149 ingressus
576 2106 748 2135 auctores
763 2127 772 2145 ‚
795 2098 931 2135 armati
957 2111 1042 2135 cum
1068 2097 1184 2136 Gallis
1208 2098 1438 2149 junguntur.
1464 2097 1632 2134 Audacia

225 2157 380 2194 immani
416 2157 537 2195 nostri
571 2170 701 2194 muros
740 2157 877 2194 acriter
911 2157 1115 2202 scandunt,
1153 2157 1310 2194 immani
1348 2155 1527 2194 vecordia
1563 2156 1632 2193 hos

225 2224 352 2265 partos
370 2216 511 2254 insulse
539 2225 777 2254 conservant.
802 2219 946 2267 Nempe
964 2245 974 2263 ,
995 2225 1035 2254 ut
1057 2217 1247 2268 fastigium
1271 2229 1385 2266 super
1415 2214 1630 2263 adstarent,

225 2275 400 2312 nonnulli
418 2284 633 2313 nostrorum
654 2288 742 2312 mox
763 2289 782 2311 e
802 2275 983 2326 vestigio,
1017 2276 1096 2314 sive
1132 2289 1250 2326 prava
1282 2274 1487 2325 cupiditate
1519 2274 1630 2321 caeci,

226 2334 280 2370 uti
314 2334 430 2384 vulgo
465 2334 633 2372 avaritiae
674 2342 899 2385 arguuntur,
944 2348 1010 2371 seu
1047 2347 1142 2371 ausu
1179 2333 1401 2381 temerario,
1441 2338 1633 2374 communi

225 2392 422 2431 Gallorum
447 2393 603 2440 morbo,
625 2393 734 2439 elati,
762 2393 894 2430 relicta
919 2406 1118 2431 murorum
1146 2392 1326 2439 tuitione,
1353 2392 1480 2429 stricto
1505 2393 1630 2439 ferro,

224 2452 300 2489 huc
334 2452 424 2489 illuc
453 2461 652 2503 vagantur.
692 2453 890 2491 Tumultus
922 2453 1012 2491 inde
1042 2453 1177 2505 ingens
1218 2452 1266 2489 ad
1298 2451 1433 2488 coelum
1480 2460 1631 2497 vectus,

225 2511 406 2549 barbaros
443 2512 659 2563 (Anglicos)
696 2511 745 2548 ad
779 2524 885 2548 arma
922 2512 1073 2548 excitat.
1115 2510 1259 2560 Vulgus
1303 2510 1559 2547 inconsultum
1598 2520 1635 2547 et

225 2571 337 2617 hujus
362 2571 417 2607 rei
443 2571 636 2621 ignarum,
661 2570 788 2608 Gallos
816 2570 1049 2608 introductos
1075 2570 1209 2608 urbem
1238 2569 1404 2620 diripere
1432 2578 1467 2606 et
1493 2569 1633 2606 civium

225 2629 461 2680 opulentium
477 2629 577 2666 bona
594 2629 755 2680 praedari
779 2628 1036 2677 arbitrantur3
1061 2643 1104 2666 ac
1123 2629 1321 2665 seductum
1342 2628 1527 2666 sententia
1547 2641 1633 2664 cum

225 2689 435 2739 Anglorum
466 2688 658 2725 ferocitate
689 2687 737 2725 ad
767 2688 895 2725 Gallos
927 2688 1172 2738 expellendos
1210 2687 1422 2725 truculenta
1446 2687 1635 2725 ministrat

225 2760 342 2786 arma.
367 2765 382 2780 »
407 2746 549 2785 Robert
568 2746 726 2784 Blondel
740 2775 750 2794 ‚
775 2749 939 2783 Assertio
959 2749 1209 2792 Normamziae,
1233 2746 1259 2783 l.
1286 2748 1356 2796 ΙΙΙ,
1379 2759 1414 2786 e.
1438 2759 1524 2783 xm.
