<?xml version="1.0" encoding="UTF-8"?>
<!DOCTYPE html PUBLIC "-//W3C//DTD XHTML 1.0 Transitional//EN"
    "http://www.w3.org/TR/xhtml1/DTD/xhtml1-transitional.dtd">
<html xmlns="http://www.w3.org/1999/xhtml" xml:lang="en" lang="en">
 <head>
  <title>
</title>
<meta http-equiv="Content-Type" content="text/html;charset=utf-8" />
  <meta name='ocr-system' content='tesseract 3.04.00' />
  <meta name='ocr-capabilities' content='ocr_page ocr_carea ocr_par ocr_line ocrx_word'/>
</head>
<body>
  <div class='ocr_page' id='page_1' title='image "./histoiredesrgn01basi_0229.png"; bbox 0 0 2037 3442; ppageno 0'>
   <div class='ocr_carea' id='block_1_1' title="bbox 628 347 1541 383">
    <p class='ocr_par' dir='ltr' id='par_1_1' title="bbox 628 347 1541 383">
     <span class='ocr_line' id='line_1_1' title="bbox 628 347 1541 383; baseline -0.002 0"><span class='ocrx_word' id='word_1_1' title='bbox 628 349 767 383; x_wconf 85' lang='lat' dir='ltr'>LIBER</span> <span class='ocrx_word' id='word_1_2' title='bbox 797 348 1059 383; x_wconf 77' lang='lat' dir='ltr'><strong>SECUNDUS.</strong></span> <span class='ocrx_word' id='word_1_3' title='bbox 1495 347 1541 382; x_wconf 81' lang='lat'>57</span> 
     </span>
    </p>
   </div>
   <div class='ocr_carea' id='block_1_2' title="bbox 158 428 1557 2479">
    <p class='ocr_par' dir='ltr' id='par_1_2' title="bbox 158 428 1557 2479">
     <span class='ocr_line' id='line_1_2' title="bbox 159 428 1544 494; baseline -0.001 -19"><span class='ocrx_word' id='word_1_4' title='bbox 159 439 205 475; x_wconf 89' lang='lat' dir='ltr'>et</span> <span class='ocrx_word' id='word_1_5' title='bbox 228 430 483 494; x_wconf 85' lang='lat' dir='ltr'>stipendio,</span> <span class='ocrx_word' id='word_1_6' title='bbox 515 440 671 476; x_wconf 87' lang='lat' dir='ltr'>tamen</span> <span class='ocrx_word' id='word_1_7' title='bbox 703 429 877 493; x_wconf 83' lang='lat' dir='ltr'>oppida</span> <span class='ocrx_word' id='word_1_8' title='bbox 900 439 944 475; x_wconf 92' lang='lat' dir='ltr'>et</span> <span class='ocrx_word' id='word_1_9' title='bbox 969 439 1117 474; x_wconf 88' lang='lat' dir='ltr'>castra</span> <span class='ocrx_word' id='word_1_10' title='bbox 1140 428 1420 486; x_wconf 83' lang='lat' dir='ltr'>incolebant,</span> <span class='ocrx_word' id='word_1_11' title='bbox 1443 445 1544 491; x_wconf 85' lang='lat' dir='ltr'>quae</span> 
     </span>
     <span class='ocr_line' id='line_1_3' title="bbox 160 504 1544 568; baseline -0.001 -18"><span class='ocrx_word' id='word_1_12' title='bbox 160 506 346 551; x_wconf 84' lang='lat' dir='ltr'>Francis</span> <span class='ocrx_word' id='word_1_13' title='bbox 383 516 630 568; x_wconf 87' lang='lat' dir='ltr'>parerent,</span> <span class='ocrx_word' id='word_1_14' title='bbox 667 515 712 550; x_wconf 87' lang='lat' dir='ltr'>et</span> <span class='ocrx_word' id='word_1_15' title='bbox 741 521 838 550; x_wconf 89' lang='lat' dir='ltr'>sese</span> <span class='ocrx_word' id='word_1_16' title='bbox 869 521 921 550; x_wconf 85' lang='lat' dir='ltr'>ac</span> <span class='ocrx_word' id='word_1_17' title='bbox 956 504 1132 567; x_wconf 86' lang='lat' dir='ltr'>praedas</span> <span class='ocrx_word' id='word_1_18' title='bbox 1163 521 1266 550; x_wconf 89' lang='lat' dir='ltr'>suas</span> <span class='ocrx_word' id='word_1_19' title='bbox 1299 505 1346 549; x_wconf 91' lang='lat' dir='ltr'>in</span> <span class='ocrx_word' id='word_1_20' title='bbox 1379 505 1544 549; x_wconf 89' lang='lat' dir='ltr'>iisdem</span> 
     </span>
     <span class='ocr_line' id='line_1_4' title="bbox 160 581 1545 644; baseline 0 -19"><span class='ocrx_word' id='word_1_21' title='bbox 160 582 488 644; x_wconf 85' lang='lat' dir='ltr'>receptabant,</span> <span class='ocrx_word' id='word_1_22' title='bbox 520 593 649 627; x_wconf 90' lang='lat' dir='ltr'>erant</span> <span class='ocrx_word' id='word_1_23' title='bbox 683 581 759 627; x_wconf 84' lang='lat' dir='ltr'>alii</span> <span class='ocrx_word' id='word_1_24' title='bbox 787 582 886 626; x_wconf 89' lang='lat' dir='ltr'>sine</span> <span class='ocrx_word' id='word_1_25' title='bbox 921 597 1118 625; x_wconf 90' lang='lat' dir='ltr'>numero</span> <span class='ocrx_word' id='word_1_26' title='bbox 1148 581 1377 644; x_wconf 86' lang='lat' dir='ltr'>desperati</span> <span class='ocrx_word' id='word_1_27' title='bbox 1407 590 1545 642; x_wconf 85' lang='lat' dir='ltr'>atque</span> 
     </span>
     <span class='ocr_line' id='line_1_5' title="bbox 158 656 1544 720; baseline -0.001 -18"><span class='ocrx_word' id='word_1_28' title='bbox 158 658 325 720; x_wconf 91' lang='lat' dir='ltr'>perditi</span> <span class='ocrx_word' id='word_1_29' title='bbox 355 658 598 717; x_wconf 87' lang='lat' dir='ltr'>homines,</span> <span class='ocrx_word' id='word_1_30' title='bbox 641 659 719 720; x_wconf 88' lang='lat' dir='ltr'>qui</span> <span class='ocrx_word' id='word_1_31' title='bbox 756 675 834 703; x_wconf 89' lang='lat' dir='ltr'>seu</span> <span class='ocrx_word' id='word_1_32' title='bbox 884 656 1125 713; x_wconf 87' lang='lat' dir='ltr'>socordia,</span> <span class='ocrx_word' id='word_1_33' title='bbox 1165 673 1244 701; x_wconf 90' lang='lat' dir='ltr'>seu</span> <span class='ocrx_word' id='word_1_34' title='bbox 1295 656 1544 717; x_wconf 79' lang='lat' dir='ltr'>Anglorum</span> 
     </span>
     <span class='ocr_line' id='line_1_6' title="bbox 160 733 1544 796; baseline -0.002 -17"><span class='ocrx_word' id='word_1_35' title='bbox 160 734 296 793; x_wconf 86' lang='lat' dir='ltr'>odio,</span> <span class='ocrx_word' id='word_1_36' title='bbox 322 736 394 780; x_wconf 80' lang='lat' dir='ltr'>vel</span> <span class='ocrx_word' id='word_1_37' title='bbox 428 735 619 780; x_wconf 82' lang='lat' dir='ltr'>libidine</span> <span class='ocrx_word' id='word_1_38' title='bbox 643 735 791 780; x_wconf 84' lang='lat' dir='ltr'>aliena</span> <span class='ocrx_word' id='word_1_39' title='bbox 815 733 1022 796; x_wconf 86' lang='lat' dir='ltr'>rapiendi</span> <span class='ocrx_word' id='word_1_40' title='bbox 1050 749 1128 778; x_wconf 90' lang='lat' dir='ltr'>seu</span> <span class='ocrx_word' id='word_1_41' title='bbox 1154 733 1436 778; x_wconf 87' lang='lat' dir='ltr'>conscientia</span> <span class='ocrx_word' id='word_1_42' title='bbox 1457 733 1544 777; x_wconf 86' lang='lat' dir='ltr'>cri-</span> 
     </span>
     <span class='ocr_line' id='line_1_7' title="bbox 161 808 1545 871; baseline -0.002 -16"><span class='ocrx_word' id='word_1_43' title='bbox 161 812 338 856; x_wconf 90' lang='lat' dir='ltr'>minum</span> <span class='ocrx_word' id='word_1_44' title='bbox 377 811 614 869; x_wconf 86' lang='lat' dir='ltr'>stimulati,</span> <span class='ocrx_word' id='word_1_45' title='bbox 644 821 694 856; x_wconf 88' lang='lat' dir='ltr'>ut</span> <span class='ocrx_word' id='word_1_46' title='bbox 727 811 882 871; x_wconf 81' lang='lat' dir='ltr'>legum</span> <span class='ocrx_word' id='word_1_47' title='bbox 915 809 1165 854; x_wconf 79' lang='lat' dir='ltr'>evaderent</span> <span class='ocrx_word' id='word_1_48' title='bbox 1196 808 1410 870; x_wconf 85' lang='lat' dir='ltr'>laqueos,</span> <span class='ocrx_word' id='word_1_49' title='bbox 1438 808 1545 853; x_wconf 88' lang='lat' dir='ltr'>reli-</span> 
     </span>
     <span class='ocr_line' id='line_1_8' title="bbox 161 884 1545 950; baseline -0.004 -17"><span class='ocrx_word' id='word_1_50' title='bbox 161 888 243 933; x_wconf 86' lang='lat' dir='ltr'>ctis</span> <span class='ocrx_word' id='word_1_51' title='bbox 262 888 381 948; x_wconf 83' lang='lat' dir='ltr'>agris</span> <span class='ocrx_word' id='word_1_52' title='bbox 400 896 445 932; x_wconf 87' lang='lat' dir='ltr'>et</span> <span class='ocrx_word' id='word_1_53' title='bbox 459 887 676 931; x_wconf 84' lang='lat' dir='ltr'>domibus</span> <span class='ocrx_word' id='word_1_54' title='bbox 696 887 913 950; x_wconf 74' lang='lat' dir='ltr'>propriiS,</span> <span class='ocrx_word' id='word_1_55' title='bbox 935 902 1029 930; x_wconf 92' lang='lat' dir='ltr'>non</span> <span class='ocrx_word' id='word_1_56' title='bbox 1050 884 1239 947; x_wconf 87' lang='lat' dir='ltr'>quidem</span> <span class='ocrx_word' id='word_1_57' title='bbox 1259 888 1545 930; x_wconf 77' lang='lat' dir='ltr'>Francorum</span> 
     </span>
     <span class='ocr_line' id='line_1_9' title="bbox 162 961 1546 1026; baseline -0.003 -18"><span class='ocrx_word' id='word_1_58' title='bbox 162 964 332 1026; x_wconf 86' lang='lat' dir='ltr'>oppida</span> <span class='ocrx_word' id='word_1_59' title='bbox 358 980 435 1007; x_wconf 88' lang='lat' dir='ltr'>seu</span> <span class='ocrx_word' id='word_1_60' title='bbox 471 973 616 1007; x_wconf 83' lang='lat' dir='ltr'>castra</span> <span class='ocrx_word' id='word_1_61' title='bbox 654 963 935 1018; x_wconf 89' lang='lat' dir='ltr'>incolerent,</span> <span class='ocrx_word' id='word_1_62' title='bbox 963 972 1043 1007; x_wconf 89' lang='lat' dir='ltr'>aut</span> <span class='ocrx_word' id='word_1_63' title='bbox 1072 962 1117 1006; x_wconf 93' lang='lat' dir='ltr'>in</span> <span class='ocrx_word' id='word_1_64' title='bbox 1151 977 1315 1006; x_wconf 87' lang='lat' dir='ltr'>eorum</span> <span class='ocrx_word' id='word_1_65' title='bbox 1341 961 1546 1005; x_wconf 82' lang='lat' dir='ltr'>exerciti-</span> 
     </span>
     <span class='ocr_line' id='line_1_10' title="bbox 162 1036 1546 1100; baseline -0.002 -16"><span class='ocrx_word' id='word_1_66' title='bbox 162 1038 249 1084; x_wconf 85' lang='lat' dir='ltr'>bus</span> <span class='ocrx_word' id='word_1_67' title='bbox 274 1039 539 1096; x_wconf 81' lang='lat' dir='ltr'>militarent,</span> <span class='ocrx_word' id='word_1_68' title='bbox 563 1038 645 1084; x_wconf 91' lang='lat' dir='ltr'>sed</span> <span class='ocrx_word' id='word_1_69' title='bbox 670 1039 869 1083; x_wconf 80' lang='lat' dir='ltr'>ferarum</span> <span class='ocrx_word' id='word_1_70' title='bbox 898 1054 1028 1082; x_wconf 87' lang='lat' dir='ltr'>more</span> <span class='ocrx_word' id='word_1_71' title='bbox 1047 1054 1099 1082; x_wconf 89' lang='lat' dir='ltr'>ac</span> <span class='ocrx_word' id='word_1_72' title='bbox 1130 1037 1349 1100; x_wconf 86' lang='lat' dir='ltr'>luporum</span> <span class='ocrx_word' id='word_1_73' title='bbox 1369 1036 1546 1081; x_wconf 87' lang='lat' dir='ltr'>densis-</span> 
     </span>
     <span class='ocr_line' id='line_1_11' title="bbox 162 1113 1546 1173; baseline -0.001 -13"><span class='ocrx_word' id='word_1_74' title='bbox 162 1117 277 1161; x_wconf 88' lang='lat' dir='ltr'>sima</span> <span class='ocrx_word' id='word_1_75' title='bbox 297 1116 514 1161; x_wconf 85' lang='lat' dir='ltr'>silvarum</span> <span class='ocrx_word' id='word_1_76' title='bbox 538 1126 583 1160; x_wconf 90' lang='lat' dir='ltr'>et</span> <span class='ocrx_word' id='word_1_77' title='bbox 599 1117 829 1160; x_wconf 87' lang='lat' dir='ltr'>inaccessa</span> <span class='ocrx_word' id='word_1_78' title='bbox 846 1115 947 1159; x_wconf 89' lang='lat' dir='ltr'>loca</span> <span class='ocrx_word' id='word_1_79' title='bbox 962 1114 1199 1173; x_wconf 89' lang='lat' dir='ltr'>tenebant,</span> <span class='ocrx_word' id='word_1_80' title='bbox 1221 1113 1363 1172; x_wconf 88' lang='lat' dir='ltr'>unde,</span> <span class='ocrx_word' id='word_1_81' title='bbox 1381 1114 1546 1159; x_wconf 89' lang='lat' dir='ltr'>esuriei</span> 
     </span>
     <span class='ocr_line' id='line_1_12' title="bbox 162 1190 1546 1254; baseline -0.001 -17"><span class='ocrx_word' id='word_1_82' title='bbox 162 1208 215 1237; x_wconf 88' lang='lat' dir='ltr'>ac</span> <span class='ocrx_word' id='word_1_83' title='bbox 237 1192 368 1237; x_wconf 88' lang='lat' dir='ltr'>samis</span> <span class='ocrx_word' id='word_1_84' title='bbox 391 1201 667 1254; x_wconf 84' lang='lat' dir='ltr'>perurgente</span> <span class='ocrx_word' id='word_1_85' title='bbox 690 1191 832 1249; x_wconf 85' lang='lat' dir='ltr'>rabie,</span> <span class='ocrx_word' id='word_1_86' title='bbox 865 1200 1081 1236; x_wconf 85' lang='lat' dir='ltr'>exeuntes</span> <span class='ocrx_word' id='word_1_87' title='bbox 1104 1190 1379 1253; x_wconf 84' lang='lat' dir='ltr'>plerumque</span> <span class='ocrx_word' id='word_1_88' title='bbox 1403 1199 1546 1235; x_wconf 91' lang='lat' dir='ltr'>noctu</span> 
     </span>
     <span class='ocr_line' id='line_1_13' title="bbox 163 1265 1541 1330; baseline 0 -19"><span class='ocrx_word' id='word_1_89' title='bbox 163 1276 207 1311; x_wconf 91' lang='lat' dir='ltr'>et</span> <span class='ocrx_word' id='word_1_90' title='bbox 229 1267 275 1311; x_wconf 92' lang='lat' dir='ltr'>in</span> <span class='ocrx_word' id='word_1_91' title='bbox 300 1267 530 1325; x_wconf 84' lang='lat' dir='ltr'>tenebris,</span> <span class='ocrx_word' id='word_1_92' title='bbox 557 1267 808 1330; x_wconf 85' lang='lat' dir='ltr'>aliquando</span> <span class='ocrx_word' id='word_1_93' title='bbox 829 1267 968 1312; x_wconf 88' lang='lat' dir='ltr'>etiam</span> <span class='ocrx_word' id='word_1_94' title='bbox 1002 1267 1230 1324; x_wconf 80' lang='lat' dir='ltr'>interdiu,</span> <span class='ocrx_word' id='word_1_95' title='bbox 1269 1265 1350 1311; x_wconf 86' lang='lat' dir='ltr'>sed</span> <span class='ocrx_word' id='word_1_96' title='bbox 1374 1267 1541 1323; x_wconf 86' lang='lat' dir='ltr'>rarius,</span> 
     </span>
     <span class='ocr_line' id='line_1_14' title="bbox 163 1342 1545 1406; baseline 0 -19"><span class='ocrx_word' id='word_1_97' title='bbox 163 1343 470 1404; x_wconf 78' lang='lat' dir='ltr'>agricolarum</span> <span class='ocrx_word' id='word_1_98' title='bbox 496 1345 805 1406; x_wconf 83' lang='lat' dir='ltr'>irrumpentes</span> <span class='ocrx_word' id='word_1_99' title='bbox 838 1342 1030 1401; x_wconf 90' lang='lat' dir='ltr'>domos,</span> <span class='ocrx_word' id='word_1_100' title='bbox 1059 1343 1196 1388; x_wconf 92' lang='lat' dir='ltr'>bonis</span> <span class='ocrx_word' id='word_1_101' title='bbox 1222 1360 1385 1388; x_wconf 85' lang='lat' dir='ltr'>eorum</span> <span class='ocrx_word' id='word_1_102' title='bbox 1424 1343 1545 1388; x_wconf 88' lang='lat' dir='ltr'>dire-</span> 
     </span>
     <span class='ocr_line' id='line_1_15' title="bbox 162 1419 1547 1483; baseline 0.001 -20"><span class='ocrx_word' id='word_1_103' title='bbox 162 1420 280 1482; x_wconf 83' lang='lat' dir='ltr'>ptis,</span> <span class='ocrx_word' id='word_1_104' title='bbox 310 1419 499 1465; x_wconf 88' lang='lat' dir='ltr'>eosdem</span> <span class='ocrx_word' id='word_1_105' title='bbox 524 1421 731 1483; x_wconf 84' lang='lat' dir='ltr'>captivos</span> <span class='ocrx_word' id='word_1_106' title='bbox 764 1419 823 1465; x_wconf 90' lang='lat' dir='ltr'>ad</span> <span class='ocrx_word' id='word_1_107' title='bbox 847 1436 949 1464; x_wconf 86' lang='lat' dir='ltr'>suas</span> <span class='ocrx_word' id='word_1_108' title='bbox 979 1420 1026 1464; x_wconf 93' lang='lat' dir='ltr'>in</span> <span class='ocrx_word' id='word_1_109' title='bbox 1058 1419 1181 1464; x_wconf 88' lang='lat' dir='ltr'>silvis</span> <span class='ocrx_word' id='word_1_110' title='bbox 1214 1419 1547 1464; x_wconf 81' lang='lat' dir='ltr'>occultissimas</span> 
     </span>
     <span class='ocr_line' id='line_1_16' title="bbox 162 1495 1549 1552; baseline 0 -12"><span class='ocrx_word' id='word_1_111' title='bbox 162 1495 383 1552; x_wconf 87' lang='lat' dir='ltr'>latebras,</span> <span class='ocrx_word' id='word_1_112' title='bbox 410 1496 723 1552; x_wconf 83' lang='lat' dir='ltr'>abducebant,</span> <span class='ocrx_word' id='word_1_113' title='bbox 761 1504 804 1540; x_wconf 83' lang='lat' dir='ltr'>et</span> <span class='ocrx_word' id='word_1_114' title='bbox 839 1512 918 1540; x_wconf 89' lang='lat' dir='ltr'>eos</span> <span class='ocrx_word' id='word_1_115' title='bbox 949 1495 1040 1540; x_wconf 88' lang='lat' dir='ltr'>illic</span> <span class='ocrx_word' id='word_1_116' title='bbox 1068 1496 1203 1540; x_wconf 82' lang='lat' dir='ltr'>variis</span> <span class='ocrx_word' id='word_1_117' title='bbox 1235 1495 1549 1541; x_wconf 78' lang='lat' dir='ltr'>excruciantes</span> 
     </span>
     <span class='ocr_line' id='line_1_17' title="bbox 164 1571 1548 1634; baseline 0 -18"><span class='ocrx_word' id='word_1_118' title='bbox 164 1573 406 1617; x_wconf 88' lang='lat' dir='ltr'>tormentis</span> <span class='ocrx_word' id='word_1_119' title='bbox 430 1589 482 1617; x_wconf 91' lang='lat' dir='ltr'>ac</span> <span class='ocrx_word' id='word_1_120' title='bbox 505 1572 689 1631; x_wconf 88' lang='lat' dir='ltr'>inediis,</span> <span class='ocrx_word' id='word_1_121' title='bbox 720 1572 779 1617; x_wconf 89' lang='lat' dir='ltr'>ad</span> <span class='ocrx_word' id='word_1_122' title='bbox 803 1588 1009 1633; x_wconf 81' lang='lat' dir='ltr'>magnas,</span> <span class='ocrx_word' id='word_1_123' title='bbox 1028 1589 1113 1634; x_wconf 86' lang='lat' dir='ltr'>pro</span> <span class='ocrx_word' id='word_1_124' title='bbox 1132 1573 1202 1617; x_wconf 90' lang='lat' dir='ltr'>sui</span> <span class='ocrx_word' id='word_1_125' title='bbox 1225 1571 1548 1634; x_wconf 87' lang='lat' dir='ltr'>redemptione</span> 
     </span>
     <span class='ocr_line' id='line_1_18' title="bbox 163 1647 1549 1710; baseline 0 -18"><span class='ocrx_word' id='word_1_126' title='bbox 163 1658 210 1693; x_wconf 92' lang='lat' dir='ltr'>et</span> <span class='ocrx_word' id='word_1_127' title='bbox 231 1647 522 1704; x_wconf 77' lang='lat' dir='ltr'>liberatione,</span> <span class='ocrx_word' id='word_1_128' title='bbox 549 1649 851 1710; x_wconf 83' lang='lat' dir='ltr'>pecuniarum</span> <span class='ocrx_word' id='word_1_129' title='bbox 882 1664 1107 1704; x_wconf 86' lang='lat' dir='ltr'>summas,</span> <span class='ocrx_word' id='word_1_130' title='bbox 1145 1658 1188 1692; x_wconf 88' lang='lat' dir='ltr'>et</span> <span class='ocrx_word' id='word_1_131' title='bbox 1211 1648 1298 1693; x_wconf 86' lang='lat' dir='ltr'>alia</span> <span class='ocrx_word' id='word_1_132' title='bbox 1322 1665 1424 1710; x_wconf 85' lang='lat' dir='ltr'>quae</span> <span class='ocrx_word' id='word_1_133' title='bbox 1443 1649 1549 1693; x_wconf 90' lang='lat' dir='ltr'>usui</span> 
     </span>
     <span class='ocr_line' id='line_1_19' title="bbox 165 1724 1551 1787; baseline 0.001 -18"><span class='ocrx_word' id='word_1_134' title='bbox 165 1725 421 1769; x_wconf 81' lang='lat' dir='ltr'>necessaria</span> <span class='ocrx_word' id='word_1_135' title='bbox 448 1734 684 1787; x_wconf 86' lang='lat' dir='ltr'>putarant,</span> <span class='ocrx_word' id='word_1_136' title='bbox 713 1724 1012 1769; x_wconf 80' lang='lat' dir='ltr'>coarctabant</span> <span class='ocrx_word' id='word_1_137' title='bbox 1037 1724 1095 1769; x_wconf 88' lang='lat' dir='ltr'>ad</span> <span class='ocrx_word' id='word_1_138' title='bbox 1119 1741 1259 1786; x_wconf 89' lang='lat' dir='ltr'>quem</span> <span class='ocrx_word' id='word_1_139' title='bbox 1288 1726 1551 1770; x_wconf 85' lang='lat' dir='ltr'>statuissent</span> 
     </span>
     <span class='ocr_line' id='line_1_20' title="bbox 165 1799 1550 1864; baseline 0.003 -20"><span class='ocrx_word' id='word_1_140' title='bbox 165 1799 336 1857; x_wconf 91' lang='lat' dir='ltr'>locum,</span> <span class='ocrx_word' id='word_1_141' title='bbox 365 1800 591 1862; x_wconf 74' lang='lat' dir='ltr'>praefinito</span> <span class='ocrx_word' id='word_1_142' title='bbox 613 1800 704 1855; x_wconf 87' lang='lat' dir='ltr'>die,</span> <span class='ocrx_word' id='word_1_143' title='bbox 735 1800 1062 1863; x_wconf 85' lang='lat' dir='ltr'>deportandas.</span> <span class='ocrx_word' id='word_1_144' title='bbox 1086 1800 1152 1846; x_wconf 85' lang='lat' dir='ltr'>Ad</span> <span class='ocrx_word' id='word_1_145' title='bbox 1170 1801 1299 1864; x_wconf 90' lang='lat' dir='ltr'>quod</span> <span class='ocrx_word' id='word_1_146' title='bbox 1319 1802 1355 1845; x_wconf 92' lang='lat' dir='ltr'>si</span> <span class='ocrx_word' id='word_1_147' title='bbox 1379 1801 1550 1848; x_wconf 78' lang='lat' dir='ltr'>defice—</span> 
     </span>
     <span class='ocr_line' id='line_1_21' title="bbox 167 1877 1550 1940; baseline 0.001 -18"><span class='ocrx_word' id='word_1_148' title='bbox 167 1887 284 1936; x_wconf 83' lang='lat' dir='ltr'>rent,</span> <span class='ocrx_word' id='word_1_149' title='bbox 306 1877 377 1922; x_wconf 89' lang='lat' dir='ltr'>vel</span> <span class='ocrx_word' id='word_1_150' title='bbox 396 1878 449 1935; x_wconf 92' lang='lat' dir='ltr'>ii,</span> <span class='ocrx_word' id='word_1_151' title='bbox 476 1895 595 1940; x_wconf 88' lang='lat' dir='ltr'>quos</span> <span class='ocrx_word' id='word_1_152' title='bbox 618 1877 805 1922; x_wconf 89' lang='lat' dir='ltr'>obsides</span> <span class='ocrx_word' id='word_1_153' title='bbox 831 1877 1136 1938; x_wconf 78' lang='lat' dir='ltr'>reliquissent,</span> <span class='ocrx_word' id='word_1_154' title='bbox 1166 1878 1550 1926; x_wconf 83' lang='lat' dir='ltr'>inhumanissime</span> 
     </span>
     <span class='ocr_line' id='line_1_22' title="bbox 169 1953 1551 2018; baseline 0.001 -20"><span class='ocrx_word' id='word_1_155' title='bbox 169 1953 502 2012; x_wconf 83' lang='lat' dir='ltr'>tractabantur,</span> <span class='ocrx_word' id='word_1_156' title='bbox 526 1954 595 1998; x_wconf 88' lang='lat' dir='ltr'>vel</span> <span class='ocrx_word' id='word_1_157' title='bbox 614 1954 715 2017; x_wconf 86' lang='lat' dir='ltr'>ipsi,</span> <span class='ocrx_word' id='word_1_158' title='bbox 737 1955 772 1998; x_wconf 89' lang='lat' dir='ltr'>si</span> <span class='ocrx_word' id='word_1_159' title='bbox 787 1955 954 1999; x_wconf 87' lang='lat' dir='ltr'>iterum</span> <span class='ocrx_word' id='word_1_160' title='bbox 968 1954 1023 1999; x_wconf 86' lang='lat' dir='ltr'>ad</span> <span class='ocrx_word' id='word_1_161' title='bbox 1047 1971 1125 1999; x_wconf 92' lang='lat' dir='ltr'>eos</span> <span class='ocrx_word' id='word_1_162' title='bbox 1143 1955 1551 2018; x_wconf 88' lang='lat' dir='ltr'>comprehenden-</span> 
     </span>
     <span class='ocr_line' id='line_1_23' title="bbox 170 2030 1549 2094; baseline 0.004 -20"><span class='ocrx_word' id='word_1_163' title='bbox 170 2030 283 2074; x_wconf 89' lang='lat' dir='ltr'>dum</span> <span class='ocrx_word' id='word_1_164' title='bbox 305 2030 553 2075; x_wconf 88' lang='lat' dir='ltr'>latrunculi</span> <span class='ocrx_word' id='word_1_165' title='bbox 577 2031 662 2093; x_wconf 80' lang='lat' dir='ltr'>ipsi</span> <span class='ocrx_word' id='word_1_166' title='bbox 680 2031 937 2093; x_wconf 89' lang='lat' dir='ltr'>potuissent</span> <span class='ocrx_word' id='word_1_167' title='bbox 961 2033 1219 2094; x_wconf 85' lang='lat' dir='ltr'>pervenire,</span> <span class='ocrx_word' id='word_1_168' title='bbox 1244 2033 1549 2093; x_wconf 81' lang='lat' dir='ltr'>necabantur,</span> 
     </span>
     <span class='ocr_line' id='line_1_24' title="bbox 171 2106 1554 2172; baseline 0.004 -21"><span class='ocrx_word' id='word_1_169' title='bbox 171 2115 249 2151; x_wconf 86' lang='lat' dir='ltr'>aut</span> <span class='ocrx_word' id='word_1_170' title='bbox 278 2122 442 2150; x_wconf 88' lang='lat' dir='ltr'>eorum</span> <span class='ocrx_word' id='word_1_171' title='bbox 465 2106 652 2164; x_wconf 89' lang='lat' dir='ltr'>domus,</span> <span class='ocrx_word' id='word_1_172' title='bbox 679 2108 783 2167; x_wconf 78' lang='lat' dir='ltr'>igne</span> <span class='ocrx_word' id='word_1_173' title='bbox 808 2117 948 2152; x_wconf 86' lang='lat' dir='ltr'>noctu</span> <span class='ocrx_word' id='word_1_174' title='bbox 975 2107 1093 2153; x_wconf 88' lang='lat' dir='ltr'>clam</span> <span class='ocrx_word' id='word_1_175' title='bbox 1113 2110 1344 2172; x_wconf 85' lang='lat' dir='ltr'>appositO,</span> <span class='ocrx_word' id='word_1_176' title='bbox 1366 2127 1554 2156; x_wconf 87' lang='lat' dir='ltr'>crema—</span> 
     </span>
     <span class='ocr_line' id='line_1_25' title="bbox 170 2180 1550 2246; baseline 0.006 -22"><span class='ocrx_word' id='word_1_177' title='bbox 170 2180 356 2226; x_wconf 83' lang='lat' dir='ltr'>bantur.</span> <span class='ocrx_word' id='word_1_178' title='bbox 377 2184 477 2226; x_wconf 93' lang='lat' dir='ltr'>Hoc</span> <span class='ocrx_word' id='word_1_179' title='bbox 494 2182 724 2243; x_wconf 82' lang='lat' dir='ltr'>siquidem</span> <span class='ocrx_word' id='word_1_180' title='bbox 745 2199 889 2243; x_wconf 78' lang='lat' dir='ltr'>genus</span> <span class='ocrx_word' id='word_1_181' title='bbox 911 2182 1263 2246; x_wconf 82' lang='lat' dir='ltr'>desperatorum</span> <span class='ocrx_word' id='word_1_182' title='bbox 1285 2185 1550 2243; x_wconf 89' lang='lat' dir='ltr'>hominum,</span> 
     </span>
     <span class='ocr_line' id='line_1_26' title="bbox 172 2257 1557 2322; baseline 0.005 -21"><span class='ocrx_word' id='word_1_183' title='bbox 172 2258 251 2320; x_wconf 90' lang='lat' dir='ltr'>qui</span> <span class='ocrx_word' id='word_1_184' title='bbox 276 2257 414 2319; x_wconf 82' lang='lat' dir='ltr'>vulgo</span> <span class='ocrx_word' id='word_1_185' title='bbox 441 2278 461 2301; x_wconf 89' lang='lat'><em>«</em></span> <span class='ocrx_word' id='word_1_186' title='bbox 494 2257 730 2320; x_wconf 82' lang='lat' dir='ltr'>Brigandi¹</span> <span class='ocrx_word' id='word_1_187' title='bbox 749 2279 769 2301; x_wconf 91' lang='lat'>»</span> <span class='ocrx_word' id='word_1_188' title='bbox 797 2259 1167 2322; x_wconf 81' lang='lat' dir='ltr'>appellabantur,</span> <span class='ocrx_word' id='word_1_189' title='bbox 1188 2263 1359 2308; x_wconf 87' lang='lat' dir='ltr'>mirum</span> <span class='ocrx_word' id='word_1_190' title='bbox 1384 2264 1431 2307; x_wconf 92' lang='lat' dir='ltr'>in</span> <span class='ocrx_word' id='word_1_191' title='bbox 1461 2280 1557 2309; x_wconf 82' lang='lat' dir='ltr'>rno-</span> 
     </span>
     <span class='ocr_line' id='line_1_27' title="bbox 172 2333 1556 2402; baseline 0.006 -25"><span class='ocrx_word' id='word_1_192' title='bbox 172 2333 286 2378; x_wconf 86' lang='lat' dir='ltr'>dum</span> <span class='ocrx_word' id='word_1_193' title='bbox 318 2334 364 2378; x_wconf 91' lang='lat' dir='ltr'>in</span> <span class='ocrx_word' id='word_1_194' title='bbox 403 2335 687 2380; x_wconf 80' lang='lat' dir='ltr'>Normannia</span> <span class='ocrx_word' id='word_1_195' title='bbox 718 2345 762 2379; x_wconf 84' lang='lat' dir='ltr'>et</span> <span class='ocrx_word' id='word_1_196' title='bbox 795 2335 1113 2396; x_wconf 84' lang='lat' dir='ltr'>adjacentibus</span> <span class='ocrx_word' id='word_1_197' title='bbox 1139 2339 1394 2400; x_wconf 81' lang='lat' dir='ltr'>provinciis</span> <span class='ocrx_word' id='word_1_198' title='bbox 1420 2348 1556 2402; x_wconf 82' lang='lat' dir='ltr'>atque</span> 
     </span>
     <span class='ocr_line' id='line_1_28' title="bbox 173 2410 1557 2479; baseline 0.006 -25"><span class='ocrx_word' id='word_1_199' title='bbox 173 2410 323 2465; x_wconf 88' lang='lat' dir='ltr'>terris,</span> <span class='ocrx_word' id='word_1_200' title='bbox 351 2426 466 2471; x_wconf 85' lang='lat' dir='ltr'>quas</span> <span class='ocrx_word' id='word_1_201' title='bbox 499 2410 671 2472; x_wconf 76' lang='lat' dir='ltr'>Anglici</span> <span class='ocrx_word' id='word_1_202' title='bbox 699 2411 1010 2475; x_wconf 86' lang='lat' dir='ltr'>occupabant,</span> <span class='ocrx_word' id='word_1_203' title='bbox 1038 2415 1220 2460; x_wconf 73' lang='lat' dir='ltr'>vexavit</span> <span class='ocrx_word' id='word_1_204' title='bbox 1247 2425 1291 2460; x_wconf 88' lang='lat' dir='ltr'>et</span> <span class='ocrx_word' id='word_1_205' title='bbox 1314 2432 1449 2477; x_wconf 85' lang='lat' dir='ltr'>agros</span> <span class='ocrx_word' id='word_1_206' title='bbox 1472 2433 1557 2479; x_wconf 77' lang='lat' dir='ltr'>po-</span> 
     </span>
    </p>
   </div>
   <div class='ocr_carea' id='block_1_3' title="bbox 170 2558 1561 2850">
    <p class='ocr_par' dir='ltr' id='par_1_3' title="bbox 170 2558 1561 2850">
     <span class='ocr_line' id='line_1_29' title="bbox 225 2558 1559 2613; baseline 0.004 -19"><span class='ocrx_word' id='word_1_207' title='bbox 225 2561 260 2595; x_wconf 85' lang='lat'>1.</span> <span class='ocrx_word' id='word_1_208' title='bbox 293 2561 472 2609; x_wconf 81' lang='lat' dir='ltr'>Ducange</span> <span class='ocrx_word' id='word_1_209' title='bbox 490 2558 560 2594; x_wconf 89' lang='lat' dir='ltr'>cite</span> <span class='ocrx_word' id='word_1_210' title='bbox 580 2558 645 2595; x_wconf 90' lang='lat' dir='ltr'>des</span> <span class='ocrx_word' id='word_1_211' title='bbox 659 2559 849 2609; x_wconf 88' lang='lat' dir='ltr'>exemples</span> <span class='ocrx_word' id='word_1_212' title='bbox 869 2559 915 2596; x_wconf 88' lang='lat' dir='ltr'>de</span> <span class='ocrx_word' id='word_1_213' title='bbox 930 2574 971 2597; x_wconf 89' lang='lat' dir='ltr'>ce</span> <span class='ocrx_word' id='word_1_214' title='bbox 983 2570 1061 2598; x_wconf 89' lang='lat' dir='ltr'>mot</span> <span class='ocrx_word' id='word_1_215' title='bbox 1083 2561 1164 2608; x_wconf 66' lang='lat' dir='ltr'>dij</span> <span class='ocrx_word' id='word_1_216' title='bbox 1184 2562 1356 2612; x_wconf 83' lang='lat' dir='ltr'>employe</span> <span class='ocrx_word' id='word_1_217' title='bbox 1371 2562 1421 2598; x_wconf 86' lang='lat' dir='ltr'>du</span> <span class='ocrx_word' id='word_1_218' title='bbox 1440 2570 1559 2613; x_wconf 86' lang='lat' dir='ltr'>temps</span> 
     </span>
     <span class='ocr_line' id='line_1_30' title="bbox 172 2617 1557 2672; baseline 0.006 -20"><span class='ocrx_word' id='word_1_219' title='bbox 172 2617 222 2653; x_wconf 87' lang='lat' dir='ltr'>du</span> <span class='ocrx_word' id='word_1_220' title='bbox 245 2617 301 2653; x_wconf 82' lang='lat' dir='ltr'>roi</span> <span class='ocrx_word' id='word_1_221' title='bbox 319 2620 411 2653; x_wconf 86' lang='lat' dir='ltr'>Jean</span> <span class='ocrx_word' id='word_1_222' title='bbox 435 2631 531 2667; x_wconf 82' lang='lat' dir='ltr'>pour</span> <span class='ocrx_word' id='word_1_223' title='bbox 551 2618 725 2669; x_wconf 70' lang='lat' dir='ltr'>designer</span> <span class='ocrx_word' id='word_1_224' title='bbox 745 2620 796 2656; x_wconf 85' lang='lat' dir='ltr'>les</span> <span class='ocrx_word' id='word_1_225' title='bbox 818 2621 1012 2658; x_wconf 85' lang='lat' dir='ltr'>fantassins</span> <span class='ocrx_word' id='word_1_226' title='bbox 1033 2621 1097 2658; x_wconf 88' lang='lat' dir='ltr'>des</span> <span class='ocrx_word' id='word_1_227' title='bbox 1112 2623 1351 2672; x_wconf 80' lang='lat' dir='ltr'>compagnies</span> <span class='ocrx_word' id='word_1_228' title='bbox 1368 2622 1557 2670; x_wconf 85' lang='lat' dir='ltr'>franches,</span> 
     </span>
     <span class='ocr_line' id='line_1_31' title="bbox 170 2678 1561 2730; baseline 0.005 -18"><span class='ocrx_word' id='word_1_229' title='bbox 170 2684 206 2713; x_wconf 88' lang='lat' dir='ltr'>et</span> <span class='ocrx_word' id='word_1_230' title='bbox 222 2684 454 2713; x_wconf 80' lang='lat' dir='ltr'>notaniment</span> <span class='ocrx_word' id='word_1_231' title='bbox 474 2690 569 2713; x_wconf 85' lang='lat' dir='ltr'>ceux</span> <span class='ocrx_word' id='word_1_232' title='bbox 588 2678 652 2726; x_wconf 89' lang='lat' dir='ltr'>qui</span> <span class='ocrx_word' id='word_1_233' title='bbox 670 2678 846 2715; x_wconf 84' lang='lat' dir='ltr'>venaient</span> <span class='ocrx_word' id='word_1_234' title='bbox 864 2693 1071 2730; x_wconf 73' lang='lat' dir='ltr'>guerroyer</span> <span class='ocrx_word' id='word_1_235' title='bbox 1090 2681 1234 2717; x_wconf 73' lang='lat' dir='ltr'>d&#39;Italie</span> <span class='ocrx_word' id='word_1_236' title='bbox 1260 2695 1305 2717; x_wconf 89' lang='lat' dir='ltr'>en</span> <span class='ocrx_word' id='word_1_237' title='bbox 1326 2684 1481 2719; x_wconf 88' lang='lat' dir='ltr'>France.</span> <span class='ocrx_word' id='word_1_238' title='bbox 1508 2685 1561 2719; x_wconf 88' lang='lat' dir='ltr'>Le</span> 
     </span>
     <span class='ocr_line' id='line_1_32' title="bbox 171 2735 1558 2791; baseline 0.005 -21"><span class='ocrx_word' id='word_1_239' title='bbox 171 2735 368 2785; x_wconf 77' lang='lat' dir='ltr'>Religieux</span> <span class='ocrx_word' id='word_1_240' title='bbox 389 2735 435 2772; x_wconf 87' lang='lat' dir='ltr'>de</span> <span class='ocrx_word' id='word_1_241' title='bbox 461 2735 697 2773; x_wconf 84' lang='lat' dir='ltr'>Saint-Denis</span> <span class='ocrx_word' id='word_1_242' title='bbox 717 2738 821 2787; x_wconf 83' lang='lat' dir='ltr'>place</span> <span class='ocrx_word' id='word_1_243' title='bbox 839 2738 1011 2789; x_wconf 82' lang='lat' dir='ltr'>l&#39;origine</span> <span class='ocrx_word' id='word_1_244' title='bbox 1031 2739 1096 2776; x_wconf 81' lang='lat' dir='ltr'>des</span> <span class='ocrx_word' id='word_1_245' title='bbox 1122 2740 1304 2791; x_wconf 83' lang='lat' dir='ltr'>Brigands</span> <span class='ocrx_word' id='word_1_246' title='bbox 1325 2742 1343 2776; x_wconf 75' lang='grc' dir='ltr'>ξ]</span> <span class='ocrx_word' id='word_1_247' title='bbox 1364 2740 1437 2777; x_wconf 83' lang='lat' dir='ltr'>l&#39;an</span> <span class='ocrx_word' id='word_1_248' title='bbox 1457 2743 1558 2777; x_wconf 71' lang='lat'>1418</span> 
     </span>
     <span class='ocr_line' id='line_1_33' title="bbox 173 2793 1557 2850; baseline 0.004 -20"><span class='ocrx_word' id='word_1_249' title='bbox 173 2802 209 2830; x_wconf 81' lang='lat' dir='ltr'>et</span> <span class='ocrx_word' id='word_1_250' title='bbox 228 2793 292 2830; x_wconf 89' lang='lat' dir='ltr'>fait</span> <span class='ocrx_word' id='word_1_251' title='bbox 305 2793 416 2830; x_wconf 86' lang='lat' dir='ltr'>sortir</span> <span class='ocrx_word' id='word_1_252' title='bbox 429 2794 482 2830; x_wconf 87' lang='lat' dir='ltr'>les</span> <span class='ocrx_word' id='word_1_253' title='bbox 502 2795 683 2844; x_wconf 84' lang='lat' dir='ltr'>premiers</span> <span class='ocrx_word' id='word_1_254' title='bbox 699 2795 745 2833; x_wconf 88' lang='lat' dir='ltr'>de</span> <span class='ocrx_word' id='word_1_255' title='bbox 766 2796 801 2833; x_wconf 88' lang='lat' dir='ltr'>la</span> <span class='ocrx_word' id='word_1_256' title='bbox 815 2797 942 2834; x_wconf 83' lang='lat' dir='ltr'>Vallee</span> <span class='ocrx_word' id='word_1_257' title='bbox 957 2798 1002 2835; x_wconf 90' lang='lat' dir='ltr'>de</span> <span class='ocrx_word' id='word_1_258' title='bbox 1016 2799 1304 2846; x_wconf 88' lang='lat' dir='ltr'>Montmorenci,</span> <span class='ocrx_word' id='word_1_259' title='bbox 1321 2807 1346 2836; x_wconf 85' lang='lat' dir='ltr'>t.</span> <span class='ocrx_word' id='word_1_260' title='bbox 1358 2801 1422 2845; x_wconf 92' lang='lat' dir='ltr'>VI,</span> <span class='ocrx_word' id='word_1_261' title='bbox 1438 2813 1476 2850; x_wconf 91' lang='lat' dir='ltr'>p.</span> <span class='ocrx_word' id='word_1_262' title='bbox 1494 2801 1557 2836; x_wconf 83' lang='lat'>89.</span> 
     </span>
    </p>
   </div>
  </div>
 </body>
</html>
