2037 3442
409 304 456 337 56
783 299 1117 336 HISTORIARUM
1148 299 1325 335 CAROLI
1354 302 1422 336 VII

410 392 454 426 et
471 382 516 425 in
534 382 793 425 vastitatem
812 396 866 425 ac
883 379 1197 424 desertionem
1214 381 1503 442 provinciam
1518 383 1792 444 redigentes.

412 462 465 502 Et
487 457 579 502 hoc
600 457 745 502 modo
769 457 962 519 quidem
987 473 1071 520 per
1095 473 1245 502 annos
1269 457 1449 520 aliquos
1478 469 1713 522 protracta
1733 469 1798 504 est

410 548 590 595 guerra.

883 678 1219 722 CAPITULUM
1253 680 1330 722 vl.

621 798 670 829 De
687 794 812 841 praedis
828 804 860 829 et
877 796 1006 842 rapinis
1026 796 1265 830 miserabiliter
1280 796 1362 831 actis
1378 810 1439 843 per
1455 797 1595 832 Gallias.

481 909 565 952 Per
589 907 829 968 utriusque
848 906 976 950 enim
996 906 1138 968 partis
1163 916 1392 964 armatos,
1425 907 1505 969 qui
1535 907 1716 953 assidue
1734 909 1809 954 alii

414 984 462 1029 in
486 984 685 1029 aliorum
708 983 935 1028 terminos
953 983 1272 1040 incursabant,
1296 985 1467 1047 captivi
1490 985 1645 1030 rustici
1661 985 1720 1030 ad
1742 1002 1812 1031 ca-

416 1071 509 1106 stra
527 1070 572 1105 et
596 1060 883 1105 munitiones
908 1059 1216 1116 ducebantur,
1239 1070 1290 1105 ut
1314 1061 1441 1105 tetris
1461 1061 1602 1106 clausi
1623 1062 1813 1106 carceri-

416 1137 505 1183 bus
529 1146 572 1182 et
598 1137 644 1181 in
668 1135 901 1200 specubus
918 1137 1102 1195 retrusi,
1124 1146 1262 1198 atque
1286 1136 1424 1181 etiam
1447 1137 1583 1182 variis
1603 1138 1815 1183 cruciati-

417 1213 506 1259 bus
521 1223 566 1258 et
579 1213 823 1258 tormentis
838 1212 1007 1271 affecti,
1019 1229 1117 1258 sese
1132 1222 1305 1275 quanta
1317 1214 1622 1276 pecuniarum
1634 1231 1816 1260 summa

420 1289 479 1335 ab
507 1290 571 1335 eis
595 1289 820 1350 consequi
844 1289 1120 1352 sperabatur
1143 1288 1443 1334 redimerent.
1470 1293 1577 1334 Erat
1599 1290 1646 1334 in
1674 1290 1817 1336 foveis

421 1375 467 1410 et
495 1364 728 1428 specubus
760 1375 1022 1410 castrorum
1053 1374 1099 1410 et
1127 1365 1325 1410 turrium
1359 1365 1566 1411 invenire
1591 1383 1819 1430 pauperes

424 1443 621 1489 colonos
656 1459 711 1488 ex
746 1443 865 1504 agris
900 1442 1154 1502 abductos,
1196 1442 1433 1488 interdum
1468 1443 1514 1487 in
1557 1460 1650 1488 una
1688 1444 1821 1488 fovea

424 1529 632 1576 centum,
658 1518 990 1581 interdumque
1012 1518 1258 1577 ducentos,
1288 1528 1333 1564 et
1352 1519 1460 1565 alibi
1485 1519 1677 1582 quidem
1698 1520 1818 1582 plus,

428 1596 536 1641 alibi
552 1596 725 1653 minus,
746 1595 1009 1640 secundum
1027 1595 1157 1658 quod
1175 1596 1248 1641 vel
1268 1595 1416 1657 major
1437 1596 1509 1641 vel
1536 1596 1692 1640 minor
1714 1612 1825 1658 prae-

431 1673 612 1718 donum
645 1688 868 1717 numerus
897 1671 988 1716 illic
1031 1672 1214 1727 aderat3
1251 1689 1453 1734 quorum
1483 1672 1671 1735 quidem
1706 1687 1824 1733 saepe

432 1765 629 1810 magnus
660 1764 907 1807 numerus,
949 1764 1113 1793 eorum
1141 1748 1311 1811 quibus
1343 1748 1566 1811 possibile
1598 1765 1694 1792 non
1730 1757 1827 1792 erat

434 1825 599 1889 petitas
616 1824 674 1870 ab
691 1825 756 1870 eis
780 1841 985 1870 summas
1003 1834 1142 1886 atque
1165 1826 1408 1887 requisitas
1425 1825 1704 1887 persolvere,
1727 1823 1828 1868 nul-2

437 1903 526 1947 lam
564 1901 609 1945 in
656 1917 736 1946 eos
773 1900 1140 1946 misericordiam
1180 1900 1480 1963 praedonibus
1515 1900 1826 1958 habentibus,

439 1980 582 2033 fame,
621 1977 776 2022 inedia
796 1986 841 2022 et
863 1976 1059 2021 carceris
1083 1976 1299 2038 squalore
1323 1975 1625 2021 necabantur.
1653 1980 1704 2020 In
1729 1993 1832 2021 cru-

439 2053 633 2099 ciatibus
665 2068 776 2097 vero
826 2061 871 2097 et
911 2052 1186 2110 tormentis,
1234 2052 1321 2097 sibi
1361 2051 1420 2097 ad
1457 2052 1832 2113 extorquendum

442 2145 648 2175 summas
672 2129 939 2192 poposcitas
956 2163 966 2182 ,
991 2128 1159 2190 quibus
1187 2144 1234 2173 se
1272 2128 1581 2185 redimerent,
1613 2128 1834 2174 adhibitis

443 2223 562 2269 saepe
591 2205 886 2251 deficiebant.
913 2208 1056 2249 Tanta
1089 2204 1239 2249 rabies
1266 2204 1463 2249 avaritiae
1487 2214 1530 2248 et
1553 2204 1835 2250 crudelitatis

446 2283 612 2329 animis
652 2282 928 2345 praedonum
956 2280 1214 2339 insederat,
1242 2290 1293 2326 ut
1321 2281 1449 2326 nulla
1474 2298 1666 2344 prorsus
1695 2283 1836 2327 mise-

447 2360 628 2405 ratione
651 2359 697 2403 in
732 2374 961 2421 pauperes
1000 2374 1053 2403 ac
1084 2357 1316 2420 supplices
1352 2368 1677 2416 moverentur3
1726 2359 1837 2420 quin

448 2437 570 2492 imo,
615 2436 758 2481 instar
797 2435 1153 2480 saevissimarum
1186 2433 1456 2491 bestiarum,
1487 2435 1534 2479 in
1565 2435 1838 2480 innocentes

450 2528 503 2557 ac
537 2513 768 2576 supplices
790 2527 1008 2574 agrorum
1044 2510 1246 2556 cultores
1270 2511 1427 2556 saevire
1456 2511 1713 2557 delectabat
1742 2511 1840 2574 ple-

450 2604 622 2650 rosque
648 2606 700 2634 ex
726 2589 836 2653 ipsis
858 2587 1177 2652 praedonibus.

517 2668 685 2710 Praeter
714 2683 826 2711 vero
859 2682 965 2724 eos,
996 2659 1074 2728 qui
1105 2681 1192 2728 pro
1227 2668 1513 2710 Francorum
1549 2664 1758 2727 partibus
1793 2679 1840 2708 se

454 2743 651 2789 militare
682 2744 925 2802 dicebant,
952 2754 1022 2801 et,
1049 2745 1156 2790 licet
1179 2744 1453 2808 plerumque
1479 2743 1653 2804 absque
1677 2742 1841 2788 ordine
