2037 3442
425 305 497 338 408
796 302 1133 338 HISTORIARUM
1163 303 1340 337 CAROLI
1368 304 1435 337 VII

422 399 527 427 rum
563 381 733 426 militiae
772 381 890 437 dux,
930 381 1082 426 dictus
1118 381 1341 426 dominus
1376 381 1435 427 de
1467 381 1623 427 Scales
1663 401 1675 426 .·
1710 401 1819 430 nam

422 458 578 502 multis
607 473 772 502 eorum
799 457 925 502 caesis
949 467 1019 511 et,
1056 467 1106 502 ut
1130 457 1251 503 fama
1274 468 1395 516 erat,
1429 457 1489 504 ad
1519 467 1722 520 quatuor
1744 470 1822 505 aut

423 534 630 596 quinque
661 532 803 578 millia
831 534 1064 589 virorum,
1091 533 1363 595 hujusmodi
1390 534 1617 580 tumultus
1642 551 1822 597 repres-

423 626 499 654 sus
523 619 615 667 est,
641 609 988 672 superstitibus,
1020 597 1221 673 praestita
1251 610 1518 670 securitate,
1548 610 1605 656 ad
1632 611 1824 674 propria

424 686 667 731 revocatis.

488 764 544 807 Et
584 761 654 807 11ae
691 761 883 825 quidem
925 761 1069 807 turbae
1111 762 1234 807 circa
1270 772 1483 825 tempora
1515 763 1591 808 illa
1625 779 1823 808 emerse-

426 848 556 893 runt,
597 838 790 900 quibus,
827 855 914 901 pro
950 854 1064 900 pace
1101 838 1370 896 tractanda,
1407 838 1532 901 apud
1557 838 1824 884 Atrebatum

425 925 703 974 conventus⁷
727 915 785 960 de
809 932 904 977 quo
924 915 1143 973 diximus,
1165 918 1398 961 exstiterat
1420 914 1696 960 celebratus.
1717 917 1826 961 Post

425 990 696 1053 hujusmodi
719 992 846 1037 enim
870 1002 1184 1050 conventum,
1215 1009 1322 1038 cum
1348 993 1393 1038 in
1420 1009 1476 1038 eo
1503 992 1679 1053 Anglici
1702 993 1826 1055 pacis

426 1070 723 1116 conditiones
747 1087 912 1115 omnes
935 1081 1227 1116 recusassent
1258 1070 1459 1129 oblatas,
1487 1069 1651 1133 populi
1682 1072 1828 1115 Fran-

427 1146 507 1191 ciae
539 1157 582 1192 et
620 1147 917 1193 Normanniae
955 1147 1034 1209 qui
1068 1146 1155 1192 sub
1202 1164 1368 1193 eorum
1409 1146 1727 1192 consistebant
1761 1147 1829 1192 di—

429 1222 574 1280 tione,
603 1223 781 1284 majore
805 1239 914 1285 erga
938 1240 1018 1269 eos
1055 1223 1167 1269 odio
1196 1233 1488 1281 exarserunt,
1518 1224 1830 1269 existimantes

428 1314 476 1343 se
506 1308 740 1361 perpetuae
767 1299 979 1345 addictos
1008 1284 1202 1345 miseriae
1232 1300 1458 1362 quamdiu
1486 1299 1571 1345 sub
1601 1300 1665 1344 eis
1697 1316 1827 1362 rege-

428 1384 606 1431 rentur,
639 1392 720 1420 eos
759 1375 896 1421 solito
935 1377 1118 1437 gravius
1156 1376 1469 1438 affligentibus
1504 1377 1714 1430 Francis,
1749 1377 1829 1437 qui

424 1452 520 1512 ¹iam
545 1451 605 1497 ad
626 1452 982 1513 Burgundiones
1005 1453 1182 1516 pacati,
1207 1463 1371 1499 contra
1396 1453 1520 1499 solos
1544 1452 1715 1514 Auglos
1737 1467 1830 1496 cer-

429 1539 585 1575 tamen
601 1530 857 1575 habebant.
876 1530 1112 1577 Putabant
1126 1532 1251 1576 enim
1266 1541 1310 1576 et
1326 1547 1427 1577 eam
1441 1531 1830 1576 existimationem

431 1607 489 1652 de
515 1608 671 1669 Anglis
700 1618 1004 1672 acceperant,
1037 1609 1118 1670 qui
1147 1608 1234 1653 sub
1273 1609 1425 1671 Anglis
1454 1608 1619 1654 Franci
1653 1607 1832 1652 detine-

431 1684 620 1741 bantur,
647 1685 761 1730 dum
785 1685 999 1730 viderent
1022 1702 1102 1730 eos
1129 1686 1251 1748 pacis
1274 1702 1429 1747 aequas
1455 1695 1500 1730 et
1533 1682 1832 1730 rationabiles

432 1761 555 1822 leges
573 1762 908 1823 contempsisse
932 1762 979 1806 in
1005 1761 1225 1824 praedicto
1253 1771 1488 1807 conventu
1516 1759 1829 1815 Atrebatensi,

434 1839 563 1900 quod
588 1855 684 1884 non
707 1848 966 1900 quaererent
990 1838 1235 1883 utilitatem
1261 1839 1420 1900 patriae
1446 1847 1490 1882 et
1512 1836 1833 1898 subjectorum

434 1916 663 1977 quietem,
694 1916 774 1976 qui
793 1915 890 1976 jam
913 1915 1047 1960 annis
1066 1915 1229 1975 viginti
1253 1924 1297 1959 et
1320 1914 1519 1977 amplius
1540 1914 1717 1975 absque
1742 1912 1834 1957 ulla

435 1993 718 2037 relaxatione
743 1992 965 2037 continue
988 1990 1220 2037 bellorum
1256 1990 1597 2036 calamitatibus
1618 1988 1704 2033 sub
1726 1987 1836 2050 ipsis

435 2067 592 2113 afflicti
616 2068 797 2113 fuerant
811 2103 822 2124 ,
841 2068 922 2113 sed
937 2068 1092 2130 potius
1110 2067 1239 2128 quod
1254 2084 1308 2111 ex
1327 2067 1405 2111 illo
1424 2067 1682 2111 inveterato
1702 2063 1832 2121 odio,

436 2145 567 2205 quod
591 2146 655 2190 eis
678 2145 891 2190 innatum
917 2153 984 2189 est
1007 2144 1066 2189 ad
1091 2147 1379 2188 Francorum
1400 2151 1610 2204 gentem,
1632 2158 1711 2186 eos
1735 2157 1838 2203 per-

436 2221 586 2284 petuis
608 2221 800 2266 miseriis
818 2231 863 2266 et
883 2221 1101 2266 {erumnis
1123 2220 1295 2265 vellent
1312 2218 1556 2265 exitialiter
1570 2217 1802 2264 conficere
1821 2235 1832 2276 3

437 2308 482 2342 et
503 2298 724 2360 utrinque
747 2297 805 2343 de
822 2315 870 2343 se
888 2299 1107 2356 invicem,
1131 2297 1294 2342 Franci
1312 2306 1356 2341 et
1377 2296 1570 2357 Anglici,
1591 2296 1836 2359 pessimam

437 2374 664 2420 habentes
677 2375 976 2438 opinionem,
994 2374 1168 2420 mutuis
1186 2374 1232 2419 in
1253 2390 1350 2419 sese
1369 2373 1488 2418 odiis
1506 2384 1549 2419 et
1569 2372 1838 2419 diffidentiis

439 2451 649 2512 quotidie
684 2452 828 2513 magis
866 2469 920 2498 ac
954 2453 1099 2514 magis
1135 2450 1514 2497 accendebantur
1547 2460 1593 2497 et
1628 2449 1835 2496 inardes-

440 2527 620 2573 cebant.
