2037 3442
372 345 446 380 262
744 345 1080 382 HISTORIARUM
1108 346 1285 381 CAROLI
1313 348 1380 382 VII

372 441 534 469 rumor
560 424 617 470 ad
645 425 798 470 Caroli
823 460 833 481 ,
855 426 973 485 regis
999 428 1316 482 Francorum,
1347 427 1560 472 notitiam
1587 427 1766 472 delatus

371 501 553 558 fuisset,
603 518 698 546 non
747 511 813 547 est
853 502 1053 564 proinde
1093 512 1414 548 consternatus
1454 504 1641 559 animog
1686 504 1766 548 sed

371 575 728 634 magnanimiter
770 591 929 620 casum
979 575 1229 620 adversum
1277 577 1450 635 ferens⁷
1506 579 1659 622 statim
1709 577 1768 622 de

370 650 577 695 remedio
625 651 910 714 apponendo
953 652 1190 713 cogitavit.
1243 655 1298 697 Et
1338 669 1446 698 cum
1488 655 1585 715 jam
1628 664 1768 717 caput

370 727 585 772 instantis
613 727 779 772 hiemis
807 737 949 784 esset,
977 729 1099 773 circa
1124 728 1339 773 videlicet
1364 729 1530 773 festum
1555 730 1768 774 omnium

370 813 641 849 sanctorum
669 819 795 848 anno
828 804 1020 848 Domini
1050 820 1299 863 MCCCCL11.‚
1328 805 1449 849 misit
1474 805 1666 867 quidem
1690 822 1771 851 rex

373 880 589 926 militaria
622 880 834 943 praesidia
873 896 956 943 per
996 880 1198 942 singulas
1239 881 1445 926 civitates
1486 891 1529 927 et
1567 881 1768 944 oppida,

374 974 433 1002 ne
469 957 654 1017 longius
694 966 1000 1019 evagarentur
1036 957 1279 1014 incendia,
1323 974 1376 1003 ac
1419 975 1476 1003 ne
1519 959 1578 1004 ad
1617 959 1773 1004 hostes

374 1033 649 1091 deficiendi,
694 1034 909 1096 exemplo
956 1033 1247 1095 Bmdegalae,
1297 1035 1560 1080 civitatibus
1602 1036 1774 1080 caeteris

376 1121 515 1173 atque
567 1110 753 1174 oppidis
809 1126 893 1173 par
942 1110 1133 1155 facultas
1186 1110 1548 1173 permitteretur.
1594 1111 1684 1156 Sed
1728 1112 1773 1155 in

378 1195 578 1231 aestatem
604 1195 902 1248 sequentem,
930 1195 1160 1231 transacta
1190 1186 1368 1242 hieme,
1403 1186 1576 1231 bellum
1610 1187 1655 1232 in
1689 1186 1776 1232 illis

376 1261 646 1322 regionibus
670 1261 869 1323 Anglicis
886 1261 1183 1306 inferendum
1209 1261 1394 1307 differre
1421 1263 1675 1307 constituit.

850 1470 919 1513 CA
931 1470 1132 1513 PITULU
1144 1471 1184 1513 M
1223 1471 1298 1512 Vl.

426 1606 586 1641 Secunda
604 1606 778 1653 expeditio
798 1607 1022 1652 Aquitanica,
1041 1619 1107 1651 qua
1129 1619 1188 1639 rex
1208 1605 1352 1639 Carolus
1369 1605 1524 1639 secundo
1544 1606 1673 1650 Anglos
1691 1605 1734 1638 (le

704 1665 897 1711 Burdegala
913 1674 945 1698 et
955 1665 1138 1710 Aquitania
1157 1665 1293 1710 penitus
1309 1664 1452 1709 expulit.

448 1790 589 1850 Igitur
609 1789 765 1834 hieme
799 1788 1026 1851 praeterita
1048 1797 1091 1832 et
1110 1789 1205 1849 jam
1230 1787 1395 1832 aestivis
1427 1786 1643 1831 restitutis
1663 1795 1781 1832 tem—

383 1867 602 1930 poribus,
636 1865 841 1911 decrevit
872 1882 975 1922 rex,
1004 1864 1260 1927 prudenter
1298 1863 1471 1923 negotii
1503 1862 1780 1907 arduitatem

384 1943 643 2007 pensitanS,
678 1958 761 2004 per
788 1942 1089 2004 semetipsum
1113 1941 1192 1985 illo
1216 1939 1563 2002 expeditionem
1589 1938 1779 1983 ducere.

386 2024 487 2083 lpse
521 2020 722 2082 quippe,
751 2036 806 2064 eo
831 2018 959 2080 quod
990 2017 1101 2062 alias
1133 2017 1191 2062 ad
1224 2028 1366 2061 terras
1397 2015 1496 2060 illas
1520 2014 1784 2078 expeditio-

386 2112 494 2141 nem
526 2105 691 2140 contra
726 2094 918 2140 eosdem
955 2094 1125 2155 Anglos
1159 2092 1386 2147 duxisset,
1413 2107 1522 2136 cum
1556 2090 1785 2153 oppidum

385 2173 444 2218 de
485 2175 652 2217 Tartas
691 2170 849 2216 fuisset
886 2186 911 2214 a
951 2170 1044 2214 suis
1078 2168 1321 2213 obsessum
1357 2166 1785 2229 (quemadmodum

386 2265 526 2313 supra
549 2247 838 2306 retulimus),
875 2246 1017 2291 totius
1046 2245 1165 2290 illius
1200 2254 1332 2289 terrae
1364 2243 1579 2288 notitiam
1612 2243 1788 2305 optime

385 2325 605 2372 habebat.
643 2324 904 2370 Contractis
934 2323 1091 2384 itaque
1118 2321 1299 2382 magnis
1329 2321 1538 2382 equitum
1573 2336 1625 2364 ac
1655 2320 1785 2382 pedi-

387 2412 485 2448 tum
533 2401 708 2464 copiis,
758 2399 838 2445 illo
887 2415 995 2443 cum
1042 2397 1249 2442 exercitu
1293 2413 1372 2442 rex
1415 2395 1649 2458 profectus
1691 2405 1784 2454 est,

387 2479 548 2524 relicto
578 2477 637 2523 ad
670 2475 932 2522 custodiam
966 2473 1266 2519 Normanniae
1294 2472 1460 2517 illustri
1491 2472 1663 2516 comite
1692 2474 1789 2515 Du-

386 2555 541 2611 nensi,
581 2570 723 2616 quem
752 2561 1007 2614 cognatum
1039 2549 1332 2611 singulariter
1365 2547 1599 2611 appellare
1627 2546 1790 2592 solitus

385 2640 497 2676 erat.
531 2633 623 2685 Qui
658 2647 765 2676 cum
805 2630 980 2675 caeteris
1016 2626 1216 2673 ducibus
1254 2636 1299 2672 et
1335 2624 1612 2670 militaribus
1644 2624 1791 2686 copiis

385 2707 646 2753 defensioni
686 2706 984 2751 Normanniae
1024 2704 1220 2750 solerter
1262 2719 1315 2748 ac
1362 2702 1559 2747 fideliter
1604 2701 1788 2745 interim

384 2783 618 2837 incubuit,
656 2784 716 2827 ita
742 2791 791 2825 ut
816 2782 969 2841 Angli,
1002 2781 1108 2825 licet
1133 2780 1277 2824 multa
1307 2779 1712 2823 comminarentur
1743 2786 1784 2821 et
