2037 3442
699 290 841 325 LIBER
871 287 1135 325 SECUNDUS.
1561 284 1580 317 7
1590 282 1610 317 3

214 374 366 436 jacula
396 374 443 419 in
476 373 634 417 hostes
658 370 909 433 torquendi
933 386 1012 415 seu
1041 366 1262 426 feriendi,
1295 365 1361 410 uti
1386 364 1508 410 soliti
1531 379 1613 427 pcr

218 451 347 513 prius
372 450 578 508 fuerant,
608 447 852 493 ullomodo
878 462 1114 492 assumere
1139 452 1348 507 possent.

685 646 753 688 CA
763 643 1020 687 PlTULUM
1054 642 1151 686 XlI.

220 778 411 823 Quomodo
432 792 451 811 a
471 778 611 811 Francis
629 778 692 810 sub
711 776 840 810 ducatu
858 776 982 809 Puellae
995 773 1131 819 Anglici
1146 786 1187 806 ex
1207 770 1347 818 oppidis
1363 768 1486 802 vicinis
1501 770 1620 801 Aure-

292 838 453 872 lianensis
470 837 565 870 urbis
584 837 682 882 ejecti
705 844 784 869 sunt
802 844 833 868 ct
851 834 971 881 praelio
989 833 1071 867 victi
1087 833 1122 865 in
1143 828 1390 876 campestribus
1404 825 1536 861 Bfflciae.

287 963 343 1004 Et
374 959 600 1021 quoniam
630 957 926 1022 plerumque,
950 965 1000 1000 ut
1022 962 1161 1017 poeta
1193 951 1340 1007 canit,
1370 968 1389 991 «
1420 947 1625 1011 geminat

224 1036 417 1080 victoria
458 1035 602 1091 vires,
638 1053 660 1076 »
699 1047 1016 1097 prosperaque
1048 1029 1232 1075 animos
1272 1026 1497 1082 efferunt,
1536 1024 1625 1069 hac

222 1113 415 1157 victoria
431 1112 627 1172 vegetati
641 1115 926 1156 Francorum
939 1107 1099 1165 animi,
1115 1105 1200 1150 sul)
1212 1103 1423 1165 ejusdem
1435 1104 1626 1146 Joannae

225 1187 396 1232 ducatu
416 1196 462 1231 et
481 1187 669 1232 illustris
688 1186 870 1232 comitis
885 1183 1141 1241 Dunensis,
1163 1181 1243 1244 qui
1261 1197 1316 1225 ex
1338 1178 1468 1224 omni
1489 1180 1628 1221 Fran-

224 1279 389 1308 corum
433 1263 593 1308 militia
632 1274 731 1308 tum
775 1263 821 1307 in
862 1260 993 1306 ducis
1027 1270 1125 1305 tum
1159 1259 1205 1302 in
1242 1256 1400 1301 militis
1433 1270 1628 1300 munere

225 1341 518 1404 praestantior
561 1341 851 1399 habebatur,
892 1338 1045 1383 vicina
1089 1335 1265 1399 oppida
1304 1343 1442 1395 atque
1483 1339 1629 1376 castra

226 1433 366 1480 supra
391 1417 565 1462 flumen
592 1417 763 1478 Ligeris
787 1417 926 1461 etiam
951 1428 1227 1476 recuperare
1251 1410 1548 1456 studuerunt.
1576 1410 1632 1451 Et

227 1503 431 1540 castrum
452 1494 644 1556 quidem
666 1494 724 1539 ‹le
742 1497 971 1556 Gergeau,
994 1492 1040 1536 in
1062 1507 1157 1553 quo
1176 1504 1317 1552 supra
1336 1486 1632 1547 octingentos

228 1570 404 1632 Anglici
440 1587 486 1615 se
520 1580 815 1634 receperant,
843 1569 982 1613 armis
1013 1577 1151 1629 atque
1176 1564 1358 1611 insultis
1390 1577 1632 1624 expugna-

229 1657 329 1692 tum
348 1647 453 1703 fuit,
473 1647 598 1692 caesis
616 1647 856 1709 captisque
876 1645 1065 1691 armatis
1089 1643 1167 1705 qui
1186 1642 1278 1687 illic
1302 1639 1479 1685 inventi
1504 1647 1627 1683 sunt.

228 1726 403 1787 Captus
438 1723 501 1768 ibi
531 1723 613 1768 suit
651 1739 810 1768 comes
842 1721 1099 1777 Sufsoleiae‚
1138 1728 1183 1764 et
1226 1718 1323 1780 ejus
1356 1731 1630 1778 germanus,

229 1800 453 1845 dominus
477 1800 536 1846 de
562 1800 786 1862 Lapoule,
818 1799 1163 1861 interemptus¹.

295 1881 449 1934 Quam
467 1878 667 1931 cladem,
685 1893 824 1940 supra
842 1877 1050 1939 priorem
1073 1873 1197 1937 apud
1215 1872 1503 1929 Aurelianos,
1526 1886 1635 1914 cum

233 1954 408 2016 Anglici
441 1954 711 2010 subiissent,
740 1953 1005 1998 diffidentes
1031 1968 1167 2015 posse
1199 1950 1287 1996 alia
1320 1947 1493 2012 oppida
1527 1947 1638 1992 reti-

233 2046 367 2087 nere,
395 2040 444 2075 ut
464 2030 710 2076 Modinum
725 2032 738 2053 ⁸
756 2040 800 2074 et
821 2030 1080 2093 Baagenez‘,
1105 2028 1168 2073 eis
1190 2027 1358 2072 relictis
1382 2036 1427 2071 et
1450 2042 1475 2070 a
1499 2028 1639 2069 Fran-

233 2109 297 2154 cis
332 2109 555 2171 receptis,
595 2124 692 2154 sese
731 2118 780 2152 ut
823 2107 987 2152 melius
1028 2114 1310 2169 potuerunt,
1351 2103 1432 2166 qui
1473 2101 1638 2162 reliqui

234 2194 387 2242 erant,
416 2185 464 2229 in
490 2202 638 2229 unum
662 2201 825 2246 agmen
851 2193 1095 2245 cogenteS,
1121 2198 1205 2245 per
1229 2180 1429 2227 Beleiam
1445 2216 1455 2236 ,
1479 2194 1640 2224 versus

234 2263 494 2306 Carnotum
520 2270 566 2305 et
592 2260 951 2316 Normanniam,
979 2259 1065 2304 iter
1097 2268 1333 2303 maturare
1365 2263 1636 2318 coeperunt,

234 2338 410 2400 experti
445 2353 541 2381 non
576 2353 718 2399 parva
744 2336 814 2380 sui
833 2336 1013 2397 jactura
1038 2335 1209 2395 Ligeris
1240 2334 1366 2396 ripas
1399 2341 1554 2376 tutum
1579 2330 1643 2375 eis

235 2413 531 2459 domicilium
555 2413 755 2476 amplius
781 2428 876 2457 non
904 2421 1137 2475 praestare.
1159 2413 1279 2456 Cum
1300 2425 1411 2454 vero
1436 2407 1484 2452 id
1506 2410 1643 2452 Fran-

236 2506 317 2535 cos
341 2489 535 2534 minime
562 2488 796 2545 latuisset,
823 2489 903 2550 qui
927 2487 1164 2549 quotidie,
1192 2485 1398 2532 secunda
1422 2483 1510 2530 sibi
1535 2483 1644 2528 arri-

237 2567 376 2612 dente
412 2566 622 2624 fortuna,
650 2565 846 2611 audacia
879 2564 1152 2611 crescebant
1186 2574 1231 2609 et
1257 2562 1458 2619 viribus,
1485 2576 1643 2606 rerum

291 2696 328 2734 1.
364 2693 528 2731 William
547 2693 652 2739 Pole‚
669 2702 791 2731 comte
811 2693 858 2730 de
877 2693 1036 2740 Sussolk,
1052 2701 1089 2730 et
1103 2706 1170 2730 son
1189 2692 1288 2730 frere
1307 2690 1523 2729 Alexandro
1535 2688 1641 2726 Polc,

291 2755 329 2789 2.
363 2752 711 2790 Meun-sur-Loire.
