2037 3442
685 279 827 315 LIBER
855 281 1070 317 TERTIUS.
1501 282 1574 316 109

653 459 989 504 CAPITULUM
1027 461 1103 504 IV.

176 582 227 616 De
259 581 342 615 odio
376 582 567 627 Anglorum
597 590 630 615 et
661 583 848 628 praesertim
876 584 1011 617 comitis
1046 583 1225 617 Arundelli
1264 584 1307 618 ad
1347 586 1575 620 caletensium

222 642 386 688 populos,
406 650 438 674 et
454 642 600 686 qualiter
617 642 709 676 idem
726 655 841 677 comes
857 656 875 677 a
893 644 1034 676 Francis
1053 653 1171 689 captus
1188 646 1294 690 paulo
1312 655 1389 690 post
1406 647 1526 682 obivit.

242 756 377 802 Unde
403 767 510 820 post
535 759 762 804 coercitos
781 759 983 822 populos
1016 760 1247 805 inferioris
1278 762 1576 807 Normanniae

176 844 220 879 et
246 833 375 878 totali
398 833 612 879 addictos
637 836 867 893 servituti,
901 852 1019 897 quos
1049 835 1109 880 ad
1136 835 1296 880 turbas
1320 845 1365 880 et
1387 836 1574 881 seditio-

175 926 275 968 nes,
296 909 352 954 de
369 910 537 971 quibus
552 912 811 971 retulimus,
831 911 1118 957 suscitandas
1139 912 1233 956 suis
1253 912 1575 973 iniquitatibus

175 995 316 1048 atque
342 986 462 1031 dolis
499 988 789 1032 concitarant
824 997 867 1032 et
903 987 1260 1048 quodammodo
1296 997 1569 1048 coegerant,

176 1078 272 1106 non
295 1063 448 1107 minus
462 1063 592 1107 cordi
611 1073 654 1108 et
673 1064 832 1108 animo
850 1063 1076 1108 habentes
1094 1064 1264 1126 pariter
1284 1064 1575 1125 exstinguere

175 1138 437 1184 libertatem
461 1140 746 1203 populorum
779 1140 860 1202 qui
891 1140 1034 1186 Caleti
1068 1158 1150 1186 seu
1185 1141 1470 1187 Caletenses¹
1495 1158 1575 1204 ap-

175 1214 485 1278 pellabantur,
514 1217 559 1261 in
577 1217 762 1262 dioecesi
783 1217 1144 1278 Rothomagensi
1168 1217 1431 1264 habitantes
1457 1218 1576 1263 inter

175 1293 440 1354 Sequanam
491 1302 533 1337 et
583 1297 893 1338 Summonam
932 1294 1099 1338 fluvios
1148 1311 1293 1355 usque
1346 1295 1403 1339 ad
1450 1294 1575 1340 littus

174 1368 338 1422 maris,
374 1368 528 1414 adhue
566 1379 614 1414 ut
651 1387 730 1415 eos
769 1370 1115 1433 opprimerent,
1162 1371 1243 1431 qui
1280 1370 1365 1415 soli
1411 1387 1573 1416 eorum

174 1445 346 1508 rapinis
377 1455 515 1508 atque
542 1433 782 1492 violentiis*
801 1446 1183 1505 obluctabantur,
1212 1464 1384 1510 magno
1419 1448 1574 1494 studio

173 1521 506 1568 annitebantur
533 1541 540 1566 :
570 1524 631 1568 ita
657 1534 703 1568 ut
737 1524 873 1568 etiam
908 1524 1170 1586 praecipuus
1195 1524 1455 1586 Anglieanae
1488 1526 1574 1570 mi-

173 1599 279 1644 litize
302 1598 419 1657 dux,
442 1600 522 1661 qui
546 1599 632 1644 illis
658 1599 823 1645 diebus
845 1609 941 1645 erat
965 1616 1121 1645 comes
1147 1601 1403 1658 Arundelli,
1426 1600 1573 1646 homo

174 1676 372 1722 efferatae
409 1676 607 1720 nimium
641 1676 924 1722 crudelitatis
960 1685 1098 1737 atque
1134 1676 1384 1738 superbiae,
1421 1693 1573 1722 sacra-

175 1763 388 1798 mentum
425 1753 582 1799 fecerit
609 1769 704 1797 non
733 1753 976 1815 imponere
1008 1752 1145 1814 capiti
1179 1769 1263 1796 suo
1290 1751 1437 1797 ullum
1462 1769 1576 1816 ope—

174 1829 453 1884 rimentum,
506 1828 659 1873 donec
707 1829 964 1874 rusticanos
1008 1828 1321 1874 Caletensium
1371 1829 1574 1892 populos

174 1907 479 1969 oppressisset
522 1915 566 1950 et
605 1906 813 1950 servituti
855 1905 1122 1964 addixisse13
1163 1914 1208 1949 et
1252 1904 1368 1950 illud
1415 1907 1574 1968 utique

174 1992 542 2040 sacramentum,
564 1982 723 2043 quoad
749 1982 888 2038 vixit,
916 1980 1213 2037 observabat,
1238 1980 1369 2026 nudo
1390 1999 1574 2046 semper

175 2059 398 2105 incedens
432 2059 600 2122 capite.
640 2058 731 2103 Sed
766 2059 813 2103 in
846 2068 976 2103 tanto
1009 2057 1285 2118 arrogantiae
1314 2057 1434 2103 fastu
1464 2076 1572 2104 eum

174 2136 348 2181 <liutius
372 2150 648 2198 permanere
671 2134 830 2179 divina
853 2134 1038 2180 bonitas
1058 2150 1154 2179 non
1180 2133 1406 2196 permisit.

238 2211 442 2273 Contigit
475 2211 602 2256 enim
626 2226 681 2256 ea
705 2219 977 2273 tempestate
994 2211 1006 2232 ²
1030 2219 1079 2255 ut
1099 2210 1263 2255 Franci
1288 2210 1369 2272 qui
1392 2211 1571 2256 Belvaci

174 2298 322 2347 erant,
344 2289 465 2333 inter
488 2287 737 2333 Belvacum
762 2297 807 2332 et
825 2289 1124 2349 Grori‘iayum3
1147 2287 1208 2332 ad
1229 2287 1472 2350 quoddam
1497 2305 1574 2333 ve-

175 2375 246 2410 tus
270 2365 510 2410 castellum
532 2400 541 2421 ‚
571 2364 711 2425 vulgo
736 2363 914 2409 dictum
951 2364 1227 2424 Gerberq)·-²⁶‚
1256 2364 1572 2428 reparandum

228 2515 266 2550 4,
298 2516 367 2550 Les
387 2512 584 2550 Cauehois.

225 2575 262 2610 2.
296 2575 352 2609 Au
373 2573 467 2609 mois
487 2572 532 2608 de
555 2571 629 2608 mai
652 2573 768 2608 1435.

228 2635 263 2670 3.
298 2631 660 2669 Gournai-en-Brai.

226 2695 263 2729 12.
301 2710 316 2724 ι(
334 2694 418 2729 Une
439 2700 547 2741 grant
566 2690 692 2727 vieille
715 2690 913 2725 forteresse
933 2678 1106 2724 nominee
1127 2686 1336 2736 Gerbemy,
1354 2705 1368 2718 »ι
1391 2686 1446 2723 dit
1463 2690 1571 2726 Mon-

175 2751 326 2799 strelet,
349 2751 374 2788 l.
397 2753 431 2787 11
451 2780 460 2797 ‚
479 2750 589 2800 chap.
616 2751 705 2786 172.
