2037 3442
736 375 878 410 LIBER
905 374 1144 420 QUARTUS.
1556 374 1629 408 217

240 464 488 517 caeptarum
508 455 697 501 feliciter
716 455 963 500 adversum
980 454 1192 517 Anglicos
1211 471 1368 500 rerum
1389 455 1631 517 exquirere

239 531 551 594 amplectique
574 533 897 578 decreverunt.
932 533 999 577 Ad
1029 533 1154 595 ipsos
1177 542 1335 577 autem
1358 548 1413 577 ex
1438 532 1632 577 diversis

243 608 539 653 Normanniae
566 609 751 672 Oppi!Sp
780 608 899 653 clam
930 609 1083 652 nuntii
1108 608 1264 670 plures
1288 608 1628 666 adventabant,

238 681 533 744 pollicentes,
563 700 617 729 ex
640 700 804 729 eorum
827 701 854 730 a
890 683 1061 746 quibus
1094 683 1399 728 mittebantur
1432 684 1634 728 nomini-

238 758 351 817 bus,
390 760 567 823 absque
607 761 829 806 dilatione
868 760 965 805 fieri
1004 759 1217 805 locorum
1257 759 1520 805 deditiones
1555 761 1635 821 (ut

239 836 437 882 Cadomi
463 848 508 883 et
531 837 735 895 Falesiae,
769 836 1203 898 nonnullorumque
1227 835 1479 897 aliorum),
1506 837 1543 880 si
1575 837 1634 882 ad

239 913 430 959 eosdem
463 915 690 960 exercitus
720 914 795 959 ille
830 914 981 975 regius
1013 913 1302 958 adventaret.
1331 912 1636 957 Verissimum

238 994 366 1038 enim
382 992 494 1039 illud
513 1010 611 1039 esse
630 993 992 1039 Ciceronianum
1011 1001 1109 1036 tum
1134 989 1502 1036 luculentissime
1520 1005 1633 1034 con-

237 1069 413 1128 stabat,
443 1069 574 1132 quod
611 1089 632 1112 «
659 1069 788 1114 nulla
811 1069 879 1114 vis
903 1077 1032 1114 tanta
1063 1076 1131 1112 est
1153 1067 1336 1130 imperii
1362 1082 1464 1129 quae
1482 1101 1493 1123 ,
1529 1081 1634 1128 pre-

238 1156 395 1192 mente
432 1156 585 1203 metu,
625 1147 770 1209 possit
805 1162 904 1191 esse
935 1144 1175 1190 diuturna.
1208 1163 1228 1185 ³>
1258 1142 1420 1199 Unde,
1448 1158 1557 1187 cum
1581 1157 1635 1186 ea

238 1238 331 1284 qua
378 1223 730 1285 conquisierant
771 1223 817 1267 vi
852 1222 986 1283 Angli
1017 1220 1318 1266 Normanniae
1353 1219 1633 1282 imperium,

237 1308 363 1344 metu
375 1300 514 1346 etiam
526 1301 797 1363 gravissimo
810 1298 1169 1362 provincialium
1181 1298 1364 1343 animos
1372 1305 1632 1360 premente,

236 1375 521 1434 tenuissent,
549 1378 703 1423 statim
729 1376 810 1421 ubi
835 1385 1051 1439 apertum
1070 1376 1171 1432 iter,
1197 1390 1292 1437 quo
1316 1373 1444 1419 illam
1468 1372 1636 1418 duram

236 1461 388 1497 metus
411 1462 549 1514 atque
565 1453 797 1499 violentiae
819 1453 1088 1498 servitutem
1112 1450 1393 1513 abrumpere
1417 1458 1632 1513 possent,

235 1529 556 1590 inspexerunt,
575 1530 749 1576 alacres
763 1529 907 1576 veluti
928 1528 1130 1574 naturali
1151 1527 1359 1589 quodam
1372 1536 1507 1572 motu
1524 1527 1632 1581 acti,

235 1605 445 1651 naturale
476 1616 522 1652 et
544 1608 914 1653 vetustissimum
939 1616 1094 1663 terrae,
1122 1608 1409 1650 Francorum
1436 1603 1632 1660 scilicet,

236 1681 488 1744 imperium
506 1720 517 1742 ,
577 1701 676 1729 non
718 1683 865 1729 modo
908 1684 1141 1746 recipere,
1190 1681 1272 1727 sed
1314 1681 1547 1727 advocare
1591 1691 1637 1726 et

235 1758 494 1805 adsciscere
529 1760 852 1816 conabantur,
890 1775 1083 1822 seseque
1119 1758 1179 1804 ad
1223 1757 1371 1817 illud,
1411 1767 1636 1819 tanquam

235 1835 295 1881 ad
331 1837 556 1883 naturalis
594 1838 762 1900 quietis
797 1836 979 1896 locum,
1019 1835 1268 1882 transferre
1296 1834 1631 1898 properabant.

237 1912 507 1975 Adaugebat
529 1915 578 1960 in
604 1916 669 1960 eis
693 1914 742 1960 id
771 1913 1005 1960 efficiendi
1026 1912 1310 1959 desiderium
1333 1912 1632 1968 existimatio,

237 2005 379 2050 quam
394 2007 526 2054 paene
542 1992 671 2054 apud
688 2008 853 2037 omnes
876 1991 1067 2055 publica
1088 1990 1471 2036 disseminaverat
1494 1989 1632 2045 fama,

237 2067 368 2128 quod
395 2071 682 2115 Francorum
708 2086 789 2115 rex
812 2069 901 2115 sibi
931 2069 1144 2116 subditos
1170 2070 1217 2114 in
1242 2070 1370 2115 bona
1391 2069 1569 2131 justitia
1593 2079 1636 2114 et

236 2142 451 2190 libertate
474 2157 798 2205 conservaret,
832 2163 1034 2209 suosque
1058 2147 1226 2193 milites
1250 2163 1277 2192 a
1297 2147 1471 2210 rapinis
1496 2156 1636 2208 atque

237 2220 416 2279 injuriis
456 2223 820 2285 provincialium
860 2224 1150 2269 severissime
1194 2232 1447 2269 coerceret.
1495 2223 1635 2278 Quod

240 2296 420 2343 utinam
453 2299 605 2362 reipsa
636 2300 698 2346 ita
725 2310 1020 2364 compertum
1053 2300 1409 2362 exhibitumque
1447 2299 1632 2358 fuisset,

236 2381 413 2435 quanta
436 2376 494 2422 de
516 2376 610 2423 hoc
633 2378 913 2439 vulgabatur
942 2379 1106 2442 opinio
1121 2416 1132 2437 ,
1159 2377 1530 2441 pollicitatioque
1555 2377 1636 2423 fie-

238 2450 318 2496 bat
340 2452 399 2497 ab
425 2453 479 2498 iis
502 2455 582 2516 qui
605 2455 729 2500 vices
748 2456 897 2518 regias
920 2452 1255 2518 praeferebant!

302 2529 418 2573 Cum
447 2529 586 2591 igitur
614 2530 727 2576 dicti
752 2531 966 2576 antistitis
995 2547 1137 2594 super
1162 2530 1255 2575 hoc
1279 2547 1305 2576 a
1328 2530 1528 2594 praefatis
1548 2529 1638 2576 du-

236 2603 368 2649 cibus
387 2617 680 2669 expeteretur
694 2608 961 2665 consilium,
979 2624 1056 2666 an,
1074 2607 1353 2654 vocantibus
1367 2606 1559 2653 eosdem
1578 2607 1637 2653 de

237 2684 468 2745 praedicfis
489 2687 677 2750 oppidis
703 2687 933 2733 inferioris
957 2688 1255 2734 Normanniae
1268 2687 1631 2750 acquiescentes,

237 2762 315 2807 illo
366 2765 622 2810 exercitum
663 2764 994 2824 admoverent,
1033 2765 1159 2811 idem
1206 2765 1480 2828 episcopus,
1528 2764 1635 2809 licet

236 2840 386 2902 prima
419 2839 533 2886 facie
570 2841 869 2904 profuturum
907 2842 1050 2902 magis
1080 2842 1252 2887 civitati
1289 2859 1381 2887 suae
1409 2841 1457 2887 id
1481 2843 1634 2905 ipsum
