<?xml version="1.0" encoding="UTF-8"?>
<!DOCTYPE html PUBLIC "-//W3C//DTD XHTML 1.0 Transitional//EN"
    "http://www.w3.org/TR/xhtml1/DTD/xhtml1-transitional.dtd">
<html xmlns="http://www.w3.org/1999/xhtml" xml:lang="en" lang="en">
 <head>
  <title>
</title>
<meta http-equiv="Content-Type" content="text/html;charset=utf-8" />
  <meta name='ocr-system' content='tesseract 3.04.00' />
  <meta name='ocr-capabilities' content='ocr_page ocr_carea ocr_par ocr_line ocrx_word'/>
</head>
<body>
  <div class='ocr_page' id='page_1' title='image "./histoiredesrgn01basi_0236.png"; bbox 0 0 2037 3442; ppageno 0'>
   <div class='ocr_carea' id='block_1_1' title="bbox 425 264 1442 302">
    <p class='ocr_par' dir='ltr' id='par_1_1' title="bbox 425 264 1442 302">
     <span class='ocr_line' id='line_1_1' title="bbox 425 264 1442 302; baseline -0.001 -1"><span class='ocrx_word' id='word_1_1' title='bbox 425 269 471 302; x_wconf 78' lang='lat'>64</span> <span class='ocrx_word' id='word_1_2' title='bbox 806 264 1141 299; x_wconf 85' lang='lat' dir='ltr'>HISTORIARUM</span> <span class='ocrx_word' id='word_1_3' title='bbox 1170 264 1349 299; x_wconf 85' lang='lat' dir='ltr'><strong>CAROLI</strong></span> <span class='ocrx_word' id='word_1_4' title='bbox 1375 266 1442 300; x_wconf 90' lang='lat' dir='ltr'>VII</span> 
     </span>
    </p>
   </div>
   <div class='ocr_carea' id='block_1_2' title="bbox 869 481 1356 525">
    <p class='ocr_par' dir='ltr' id='par_1_2' title="bbox 869 481 1356 525">
     <span class='ocr_line' id='line_1_2' title="bbox 869 481 1356 525; baseline 0.004 -2"><span class='ocrx_word' id='word_1_5' title='bbox 869 481 1203 525; x_wconf 82' lang='lat' dir='ltr'><strong>CAPITULUM</strong></span> <span class='ocrx_word' id='word_1_6' title='bbox 1241 482 1356 525; x_wconf 87' lang='lat' dir='ltr'>VIII.</span> 
     </span>
    </p>
   </div>
   <div class='ocr_carea' id='block_1_3' title="bbox 422 616 1814 715">
    <p class='ocr_par' dir='ltr' id='par_1_3' title="bbox 422 616 1814 715">
     <span class='ocr_line' id='line_1_3' title="bbox 422 616 1814 662; baseline -0.001 -9"><span class='ocrx_word' id='word_1_7' title='bbox 422 620 579 653; x_wconf 85' lang='lat' dir='ltr'>Praelium</span> <span class='ocrx_word' id='word_1_8' title='bbox 602 618 638 650; x_wconf 89' lang='lat' dir='ltr'>in</span> <span class='ocrx_word' id='word_1_9' title='bbox 657 617 785 662; x_wconf 86' lang='lat' dir='ltr'>campis</span> <span class='ocrx_word' id='word_1_10' title='bbox 802 617 922 649; x_wconf 82' lang='lat' dir='ltr'>Belciae</span> <span class='ocrx_word' id='word_1_11' title='bbox 945 616 1035 649; x_wconf 78' lang='lat' dir='ltr'>inter</span> <span class='ocrx_word' id='word_1_12' title='bbox 1060 616 1209 649; x_wconf 81' lang='lat' dir='ltr'>Francos</span> <span class='ocrx_word' id='word_1_13' title='bbox 1228 624 1261 648; x_wconf 88' lang='lat' dir='ltr'>et</span> <span class='ocrx_word' id='word_1_14' title='bbox 1276 617 1425 662; x_wconf 84' lang='lat' dir='ltr'>Anglos,</span> <span class='ocrx_word' id='word_1_15' title='bbox 1443 630 1618 651; x_wconf 86' lang='lat' dir='ltr'>annonam</span> <span class='ocrx_word' id='word_1_16' title='bbox 1642 617 1687 651; x_wconf 89' lang='lat' dir='ltr'>ad</span> <span class='ocrx_word' id='word_1_17' title='bbox 1711 630 1792 651; x_wconf 85' lang='lat' dir='ltr'>suos</span> <span class='ocrx_word' id='word_1_18' title='bbox 1805 646 1814 661; x_wconf 90' lang='lat'>‚</span> 
     </span>
     <span class='ocr_line' id='line_1_4' title="bbox 664 673 1574 715; baseline 0 -7"><span class='ocrx_word' id='word_1_19' title='bbox 664 674 858 708; x_wconf 77' lang='lat' dir='ltr'>obsidentes</span> <span class='ocrx_word' id='word_1_20' title='bbox 873 674 1153 708; x_wconf 83' lang='lat' dir='ltr'>Aurelianensem</span> <span class='ocrx_word' id='word_1_21' title='bbox 1167 674 1339 708; x_wconf 84' lang='lat' dir='ltr'>civitatem</span> <span class='ocrx_word' id='word_1_22' title='bbox 1351 701 1358 715; x_wconf 85' lang='lat'>‚</span> <span class='ocrx_word' id='word_1_23' title='bbox 1373 673 1574 710; x_wconf 79' lang='lat' dir='ltr'>deferentes.</span> 
     </span>
    </p>
   </div>
   <div class='ocr_carea' id='block_1_4' title="bbox 423 801 1819 2779">
    <p class='ocr_par' dir='ltr' id='par_1_4' title="bbox 423 801 1819 2169">
     <span class='ocr_line' id='line_1_5' title="bbox 487 801 1817 865; baseline -0.001 -15"><span class='ocrx_word' id='word_1_24' title='bbox 487 804 576 850; x_wconf 90' lang='lat' dir='ltr'>Sed</span> <span class='ocrx_word' id='word_1_25' title='bbox 601 804 786 863; x_wconf 77' lang='lat' dir='ltr'>Franci,</span> <span class='ocrx_word' id='word_1_26' title='bbox 817 802 1004 865; x_wconf 80' lang='lat' dir='ltr'>quibus,</span> <span class='ocrx_word' id='word_1_27' title='bbox 1030 811 1081 846; x_wconf 89' lang='lat' dir='ltr'>ut</span> <span class='ocrx_word' id='word_1_28' title='bbox 1105 801 1328 859; x_wconf 79' lang='lat' dir='ltr'><strong>diximus,</strong></span> <span class='ocrx_word' id='word_1_29' title='bbox 1353 801 1448 863; x_wconf 84' lang='lat' dir='ltr'>jam</span> <span class='ocrx_word' id='word_1_30' title='bbox 1474 801 1698 847; x_wconf 87' lang='lat' dir='ltr'>inhibitus</span> <span class='ocrx_word' id='word_1_31' title='bbox 1721 813 1817 849; x_wconf 85' lang='lat' dir='ltr'>erat</span> 
     </span>
     <span class='ocr_line' id='line_1_6' title="bbox 424 877 1817 941; baseline -0.002 -14"><span class='ocrx_word' id='word_1_32' title='bbox 424 881 483 927; x_wconf 89' lang='lat' dir='ltr'>ad</span> <span class='ocrx_word' id='word_1_33' title='bbox 521 880 734 927; x_wconf 87' lang='lat' dir='ltr'>obsessos</span> <span class='ocrx_word' id='word_1_34' title='bbox 777 880 1038 941; x_wconf 79' lang='lat' dir='ltr'>ingressus,</span> <span class='ocrx_word' id='word_1_35' title='bbox 1078 877 1346 939; x_wconf 84' lang='lat' dir='ltr'>frequenter</span> <span class='ocrx_word' id='word_1_36' title='bbox 1383 887 1428 922; x_wconf 88' lang='lat' dir='ltr'>et</span> <span class='ocrx_word' id='word_1_37' title='bbox 1467 893 1597 940; x_wconf 81' lang='lat' dir='ltr'>paene</span> <span class='ocrx_word' id='word_1_38' title='bbox 1633 878 1817 924; x_wconf 84' lang='lat' dir='ltr'>assidue</span> 
     </span>
     <span class='ocr_line' id='line_1_7' title="bbox 424 954 1818 1017; baseline -0.001 -15"><span class='ocrx_word' id='word_1_39' title='bbox 424 958 711 1004; x_wconf 82' lang='lat' dir='ltr'>incursantes</span> <span class='ocrx_word' id='word_1_40' title='bbox 730 956 826 1001; x_wconf 81' lang='lat' dir='ltr'>vias</span> <span class='ocrx_word' id='word_1_41' title='bbox 846 965 891 1000; x_wconf 86' lang='lat' dir='ltr'>et</span> <span class='ocrx_word' id='word_1_42' title='bbox 910 955 1099 1013; x_wconf 75' lang='lat' dir='ltr'>itinera,</span> <span class='ocrx_word' id='word_1_43' title='bbox 1127 970 1209 1017; x_wconf 84' lang='lat' dir='ltr'>per</span> <span class='ocrx_word' id='word_1_44' title='bbox 1232 970 1335 1017; x_wconf 84' lang='lat' dir='ltr'>quae</span> <span class='ocrx_word' id='word_1_45' title='bbox 1357 954 1417 999; x_wconf 86' lang='lat' dir='ltr'>ad</span> <span class='ocrx_word' id='word_1_46' title='bbox 1442 954 1697 1015; x_wconf 84' lang='lat' dir='ltr'>Anglorum</span> <span class='ocrx_word' id='word_1_47' title='bbox 1722 972 1818 1001; x_wconf 90' lang='lat' dir='ltr'>cas·</span> 
     </span>
     <span class='ocr_line' id='line_1_8' title="bbox 424 1031 1819 1094; baseline -0.001 -14"><span class='ocrx_word' id='word_1_48' title='bbox 424 1045 491 1080; x_wconf 88' lang='lat' dir='ltr'>tra</span> <span class='ocrx_word' id='word_1_49' title='bbox 515 1051 571 1079; x_wconf 83' lang='lat' dir='ltr'>ex</span> <span class='ocrx_word' id='word_1_50' title='bbox 593 1034 699 1079; x_wconf 81' lang='lat' dir='ltr'>satis</span> <span class='ocrx_word' id='word_1_51' title='bbox 723 1032 1004 1078; x_wconf 87' lang='lat' dir='ltr'>distantibus</span> <span class='ocrx_word' id='word_1_52' title='bbox 1028 1031 1142 1077; x_wconf 89' lang='lat' dir='ltr'>locis</span> <span class='ocrx_word' id='word_1_53' title='bbox 1174 1041 1218 1076; x_wconf 90' lang='lat' dir='ltr'>et</span> <span class='ocrx_word' id='word_1_54' title='bbox 1255 1031 1532 1094; x_wconf 89' lang='lat' dir='ltr'>plerumque</span> <span class='ocrx_word' id='word_1_55' title='bbox 1559 1049 1611 1078; x_wconf 85' lang='lat' dir='ltr'>ex</span> <span class='ocrx_word' id='word_1_56' title='bbox 1636 1033 1819 1079; x_wconf 88' lang='lat' dir='ltr'>Parisiis</span> 
     </span>
     <span class='ocr_line' id='line_1_9' title="bbox 423 1109 1817 1173; baseline 0 -16"><span class='ocrx_word' id='word_1_57' title='bbox 423 1128 613 1157; x_wconf 89' lang='lat' dir='ltr'>annona</span> <span class='ocrx_word' id='word_1_58' title='bbox 634 1109 907 1169; x_wconf 74' lang='lat' dir='ltr'>vehebatur,</span> <span class='ocrx_word' id='word_1_59' title='bbox 935 1110 1061 1173; x_wconf 87' lang='lat' dir='ltr'>ipsos</span> <span class='ocrx_word' id='word_1_60' title='bbox 1085 1109 1224 1155; x_wconf 85' lang='lat' dir='ltr'>etiam</span> <span class='ocrx_word' id='word_1_61' title='bbox 1252 1109 1423 1171; x_wconf 81' lang='lat' dir='ltr'>Anglos</span> <span class='ocrx_word' id='word_1_62' title='bbox 1443 1109 1582 1155; x_wconf 86' lang='lat' dir='ltr'>rebus</span> <span class='ocrx_word' id='word_1_63' title='bbox 1605 1127 1817 1157; x_wconf 89' lang='lat' dir='ltr'>necessa-</span> 
     </span>
     <span class='ocr_line' id='line_1_10' title="bbox 423 1185 1814 1250; baseline -0.001 -18"><span class='ocrx_word' id='word_1_64' title='bbox 423 1188 501 1233; x_wconf 88' lang='lat' dir='ltr'>riis</span> <span class='ocrx_word' id='word_1_65' title='bbox 527 1204 661 1249; x_wconf 82' lang='lat' dir='ltr'>egere</span> <span class='ocrx_word' id='word_1_66' title='bbox 697 1196 740 1233; x_wconf 76' lang='lat' dir='ltr'>et</span> <span class='ocrx_word' id='word_1_67' title='bbox 774 1186 1019 1250; x_wconf 82' lang='lat' dir='ltr'>penuriam</span> <span class='ocrx_word' id='word_1_68' title='bbox 1054 1186 1149 1249; x_wconf 86' lang='lat' dir='ltr'>pati</span> <span class='ocrx_word' id='word_1_69' title='bbox 1181 1185 1419 1231; x_wconf 84' lang='lat' dir='ltr'>interdum</span> <span class='ocrx_word' id='word_1_70' title='bbox 1452 1186 1814 1250; x_wconf 80' lang='lat' dir='ltr'>compellebant.</span> 
     </span>
     <span class='ocr_line' id='line_1_11' title="bbox 424 1262 1816 1325; baseline -0.001 -15"><span class='ocrx_word' id='word_1_71' title='bbox 424 1267 529 1320; x_wconf 90' lang='lat' dir='ltr'>Quo</span> <span class='ocrx_word' id='word_1_72' title='bbox 569 1264 740 1310; x_wconf 87' lang='lat' dir='ltr'>factum</span> <span class='ocrx_word' id='word_1_73' title='bbox 777 1273 845 1309; x_wconf 85' lang='lat' dir='ltr'>est</span> <span class='ocrx_word' id='word_1_74' title='bbox 874 1273 925 1308; x_wconf 87' lang='lat' dir='ltr'>ut</span> <span class='ocrx_word' id='word_1_75' title='bbox 948 1279 1044 1308; x_wconf 85' lang='lat' dir='ltr'>non</span> <span class='ocrx_word' id='word_1_76' title='bbox 1079 1262 1138 1307; x_wconf 90' lang='lat' dir='ltr'>ad</span> <span class='ocrx_word' id='word_1_77' title='bbox 1173 1279 1252 1308; x_wconf 89' lang='lat' dir='ltr'>eos</span> <span class='ocrx_word' id='word_1_78' title='bbox 1282 1262 1500 1309; x_wconf 77' lang='lat' dir='ltr'>victualia</span> <span class='ocrx_word' id='word_1_79' title='bbox 1524 1264 1622 1308; x_wconf 90' lang='lat' dir='ltr'>sine</span> <span class='ocrx_word' id='word_1_80' title='bbox 1646 1280 1816 1325; x_wconf 82' lang='lat' dir='ltr'>magno</span> 
     </span>
     <span class='ocr_line' id='line_1_12' title="bbox 423 1340 1816 1404; baseline -0.001 -16"><span class='ocrx_word' id='word_1_81' title='bbox 423 1352 711 1388; x_wconf 87' lang='lat' dir='ltr'>armatorum</span> <span class='ocrx_word' id='word_1_82' title='bbox 736 1341 977 1388; x_wconf 89' lang='lat' dir='ltr'>conductu</span> <span class='ocrx_word' id='word_1_83' title='bbox 1001 1340 1197 1404; x_wconf 85' lang='lat' dir='ltr'>perduci</span> <span class='ocrx_word' id='word_1_84' title='bbox 1223 1351 1426 1404; x_wconf 84' lang='lat' dir='ltr'>possent.</span> <span class='ocrx_word' id='word_1_85' title='bbox 1464 1344 1578 1397; x_wconf 84' lang='lat' dir='ltr'>Quae</span> <span class='ocrx_word' id='word_1_86' title='bbox 1612 1358 1683 1386; x_wconf 84' lang='lat' dir='ltr'>res</span> <span class='ocrx_word' id='word_1_87' title='bbox 1707 1358 1816 1386; x_wconf 91' lang='lat' dir='ltr'>cum</span> 
     </span>
     <span class='ocr_line' id='line_1_13' title="bbox 423 1417 1811 1481; baseline 0 -17"><span class='ocrx_word' id='word_1_88' title='bbox 423 1419 598 1480; x_wconf 81' lang='lat' dir='ltr'>Anglos</span> <span class='ocrx_word' id='word_1_89' title='bbox 638 1419 850 1464; x_wconf 88' lang='lat' dir='ltr'>molestia</span> <span class='ocrx_word' id='word_1_90' title='bbox 888 1417 1088 1463; x_wconf 83' lang='lat' dir='ltr'>multum</span> <span class='ocrx_word' id='word_1_91' title='bbox 1123 1427 1168 1462; x_wconf 89' lang='lat' dir='ltr'>et</span> <span class='ocrx_word' id='word_1_92' title='bbox 1204 1418 1388 1463; x_wconf 89' lang='lat' dir='ltr'>damnis</span> <span class='ocrx_word' id='word_1_93' title='bbox 1418 1435 1536 1481; x_wconf 71' lang='lat' dir='ltr'>sfepe</span> <span class='ocrx_word' id='word_1_94' title='bbox 1559 1419 1811 1476; x_wconf 78' lang='lat' dir='ltr'>affecisset,</span> 
     </span>
     <span class='ocr_line' id='line_1_14' title="bbox 423 1494 1817 1558; baseline -0.001 -17"><span class='ocrx_word' id='word_1_95' title='bbox 423 1506 682 1542; x_wconf 86' lang='lat' dir='ltr'>statuerunt</span> <span class='ocrx_word' id='word_1_96' title='bbox 704 1505 870 1541; x_wconf 83' lang='lat' dir='ltr'>contra</span> <span class='ocrx_word' id='word_1_97' title='bbox 888 1494 1212 1556; x_wconf 86' lang='lat' dir='ltr'>hujuscemodi</span> <span class='ocrx_word' id='word_1_98' title='bbox 1243 1494 1546 1541; x_wconf 88' lang='lat' dir='ltr'>incommoda</span> <span class='ocrx_word' id='word_1_99' title='bbox 1564 1495 1817 1558; x_wconf 84' lang='lat' dir='ltr'>providen-</span> 
     </span>
     <span class='ocr_line' id='line_1_15' title="bbox 425 1571 1817 1635; baseline 0.001 -19"><span class='ocrx_word' id='word_1_100' title='bbox 425 1573 535 1618; x_wconf 82' lang='lat' dir='ltr'>tiam</span> <span class='ocrx_word' id='word_1_101' title='bbox 559 1588 812 1635; x_wconf 86' lang='lat' dir='ltr'>apponere.</span> <span class='ocrx_word' id='word_1_102' title='bbox 837 1571 1177 1617; x_wconf 83' lang='lat' dir='ltr'>Contrahentes</span> <span class='ocrx_word' id='word_1_103' title='bbox 1197 1572 1334 1633; x_wconf 83' lang='lat' dir='ltr'>igitur</span> <span class='ocrx_word' id='word_1_104' title='bbox 1352 1571 1560 1634; x_wconf 86' lang='lat' dir='ltr'>undique</span> <span class='ocrx_word' id='word_1_105' title='bbox 1579 1572 1735 1635; x_wconf 85' lang='lat' dir='ltr'>copias</span> <span class='ocrx_word' id='word_1_106' title='bbox 1757 1572 1817 1617; x_wconf 89' lang='lat' dir='ltr'>ad</span> 
     </span>
     <span class='ocr_line' id='line_1_16' title="bbox 425 1648 1816 1705; baseline -0.001 -10"><span class='ocrx_word' id='word_1_107' title='bbox 425 1649 784 1695; x_wconf 80' lang='lat' dir='ltr'>conducendam</span> <span class='ocrx_word' id='word_1_108' title='bbox 807 1665 1046 1694; x_wconf 83' lang='lat' dir='ltr'>annonam</span> <span class='ocrx_word' id='word_1_109' title='bbox 1070 1648 1128 1693; x_wconf 87' lang='lat' dir='ltr'>ad</span> <span class='ocrx_word' id='word_1_110' title='bbox 1152 1658 1302 1693; x_wconf 87' lang='lat' dir='ltr'>castra</span> <span class='ocrx_word' id='word_1_111' title='bbox 1324 1665 1405 1693; x_wconf 89' lang='lat' dir='ltr'>sua</span> <span class='ocrx_word' id='word_1_112' title='bbox 1434 1648 1713 1705; x_wconf 72' lang='lat' dir='ltr'>AurelianiS,</span> <span class='ocrx_word' id='word_1_113' title='bbox 1739 1648 1816 1693; x_wconf 88' lang='lat' dir='ltr'>ad-</span> 
     </span>
     <span class='ocr_line' id='line_1_17' title="bbox 425 1724 1816 1787; baseline -0.001 -16"><span class='ocrx_word' id='word_1_114' title='bbox 425 1727 599 1772; x_wconf 88' lang='lat' dir='ltr'>vocatis</span> <span class='ocrx_word' id='word_1_115' title='bbox 623 1726 763 1771; x_wconf 85' lang='lat' dir='ltr'>etiam</span> <span class='ocrx_word' id='word_1_116' title='bbox 786 1735 927 1787; x_wconf 85' lang='lat' dir='ltr'>atque</span> <span class='ocrx_word' id='word_1_117' title='bbox 962 1725 1118 1770; x_wconf 86' lang='lat' dir='ltr'>accitis</span> <span class='ocrx_word' id='word_1_118' title='bbox 1147 1724 1382 1770; x_wconf 87' lang='lat' dir='ltr'>nobilibus</span> <span class='ocrx_word' id='word_1_119' title='bbox 1406 1725 1729 1784; x_wconf 79' lang='lat' dir='ltr'>Normanniae,</span> <span class='ocrx_word' id='word_1_120' title='bbox 1757 1726 1816 1770; x_wconf 92' lang='lat' dir='ltr'>de</span> 
     </span>
     <span class='ocr_line' id='line_1_18' title="bbox 424 1800 1816 1864; baseline -0.001 -17"><span class='ocrx_word' id='word_1_121' title='bbox 424 1803 606 1847; x_wconf 85' lang='lat' dir='ltr'>Parisiis</span> <span class='ocrx_word' id='word_1_122' title='bbox 630 1818 713 1864; x_wconf 86' lang='lat' dir='ltr'>per</span> <span class='ocrx_word' id='word_1_123' title='bbox 732 1801 956 1859; x_wconf 61' lang='lat' dir='ltr'>Bestiam,</span> <span class='ocrx_word' id='word_1_124' title='bbox 983 1817 1088 1845; x_wconf 84' lang='lat' dir='ltr'>cum</span> <span class='ocrx_word' id='word_1_125' title='bbox 1114 1800 1291 1862; x_wconf 84' lang='lat' dir='ltr'>ingenti</span> <span class='ocrx_word' id='word_1_126' title='bbox 1313 1816 1534 1845; x_wconf 81' lang='lat' dir='ltr'>curruum</span> <span class='ocrx_word' id='word_1_127' title='bbox 1550 1816 1602 1845; x_wconf 90' lang='lat' dir='ltr'>ac</span> <span class='ocrx_word' id='word_1_128' title='bbox 1626 1800 1816 1846; x_wconf 73' lang='lat' dir='ltr'>vehicu-</span> 
     </span>
     <span class='ocr_line' id='line_1_19' title="bbox 423 1875 1815 1940; baseline 0 -17"><span class='ocrx_word' id='word_1_129' title='bbox 423 1879 578 1924; x_wconf 83' lang='lat' dir='ltr'>lorum</span> <span class='ocrx_word' id='word_1_130' title='bbox 627 1894 859 1934; x_wconf 78' lang='lat' dir='ltr'>numero,</span> <span class='ocrx_word' id='word_1_131' title='bbox 898 1878 942 1921; x_wconf 92' lang='lat' dir='ltr'>in</span> <span class='ocrx_word' id='word_1_132' title='bbox 983 1875 1151 1938; x_wconf 89' lang='lat' dir='ltr'>quibus</span> <span class='ocrx_word' id='word_1_133' title='bbox 1188 1877 1390 1940; x_wconf 83' lang='lat' dir='ltr'>plurima</span> <span class='ocrx_word' id='word_1_134' title='bbox 1428 1877 1646 1923; x_wconf 89' lang='lat' dir='ltr'>halecum</span> <span class='ocrx_word' id='word_1_135' title='bbox 1690 1877 1815 1923; x_wconf 86' lang='lat' dir='ltr'>dolia</span> 
     </span>
     <span class='ocr_line' id='line_1_20' title="bbox 423 1952 1811 2010; baseline -0.002 -10"><span class='ocrx_word' id='word_1_136' title='bbox 423 1972 531 2000; x_wconf 89' lang='lat' dir='ltr'>cum</span> <span class='ocrx_word' id='word_1_137' title='bbox 565 1954 738 1999; x_wconf 83' lang='lat' dir='ltr'>caeteris</span> <span class='ocrx_word' id='word_1_138' title='bbox 774 1953 914 1998; x_wconf 81' lang='lat' dir='ltr'>rebus</span> <span class='ocrx_word' id='word_1_139' title='bbox 951 1952 1171 1997; x_wconf 81' lang='lat' dir='ltr'>exercitui</span> <span class='ocrx_word' id='word_1_140' title='bbox 1203 1953 1473 1998; x_wconf 84' lang='lat' dir='ltr'>necessariis</span> <span class='ocrx_word' id='word_1_141' title='bbox 1501 1953 1811 2010; x_wconf 66' lang='lat' dir='ltr'>vehebantur,</span> 
     </span>
     <span class='ocr_line' id='line_1_21' title="bbox 423 2027 1818 2092; baseline -0.001 -16"><span class='ocrx_word' id='word_1_142' title='bbox 423 2030 766 2091; x_wconf 81' lang='lat' dir='ltr'>pertransibant</span> <span class='ocrx_word' id='word_1_143' title='bbox 781 2039 919 2092; x_wconf 83' lang='lat' dir='ltr'>atque</span> <span class='ocrx_word' id='word_1_144' title='bbox 938 2030 1023 2075; x_wconf 81' lang='lat' dir='ltr'>iter</span> <span class='ocrx_word' id='word_1_145' title='bbox 1040 2027 1285 2074; x_wconf 85' lang='lat' dir='ltr'>faciebant.</span> <span class='ocrx_word' id='word_1_146' title='bbox 1307 2032 1413 2075; x_wconf 88' lang='lat' dir='ltr'>Erat</span> <span class='ocrx_word' id='word_1_147' title='bbox 1431 2031 1555 2075; x_wconf 85' lang='lat' dir='ltr'>enim</span> <span class='ocrx_word' id='word_1_148' title='bbox 1573 2030 1691 2075; x_wconf 89' lang='lat' dir='ltr'>sacri</span> <span class='ocrx_word' id='word_1_149' title='bbox 1707 2046 1818 2092; x_wconf 86' lang='lat' dir='ltr'>qua-</span> 
     </span>
     <span class='ocr_line' id='line_1_22' title="bbox 424 2106 1154 2169; baseline -0.003 -17"><span class='ocrx_word' id='word_1_150' title='bbox 424 2106 739 2169; x_wconf 83' lang='lat' dir='ltr'>dragesimalis</span> <span class='ocrx_word' id='word_1_151' title='bbox 769 2106 933 2168; x_wconf 82' lang='lat' dir='ltr'>jejunii</span> <span class='ocrx_word' id='word_1_152' title='bbox 957 2115 1154 2168; x_wconf 84' lang='lat' dir='ltr'>tempus.</span> 
     </span>
    </p>

    <p class='ocr_par' dir='ltr' id='par_1_5' title="bbox 423 2181 1816 2779">
     <span class='ocr_line' id='line_1_23' title="bbox 487 2181 1816 2245; baseline 0.002 -18"><span class='ocrx_word' id='word_1_153' title='bbox 487 2183 628 2238; x_wconf 84' lang='lat' dir='ltr'>Quod</span> <span class='ocrx_word' id='word_1_154' title='bbox 652 2199 759 2227; x_wconf 88' lang='lat' dir='ltr'>cum</span> <span class='ocrx_word' id='word_1_155' title='bbox 783 2199 866 2245; x_wconf 84' lang='lat' dir='ltr'>per</span> <span class='ocrx_word' id='word_1_156' title='bbox 889 2182 1173 2242; x_wconf 71' lang='lat' dir='ltr'>transfugaS,</span> <span class='ocrx_word' id='word_1_157' title='bbox 1210 2198 1290 2226; x_wconf 87' lang='lat' dir='ltr'>seu</span> <span class='ocrx_word' id='word_1_158' title='bbox 1316 2181 1414 2226; x_wconf 88' lang='lat' dir='ltr'>aliis</span> <span class='ocrx_word' id='word_1_159' title='bbox 1446 2182 1625 2240; x_wconf 86' lang='lat' dir='ltr'>modis,</span> <span class='ocrx_word' id='word_1_160' title='bbox 1653 2185 1816 2229; x_wconf 82' lang='lat' dir='ltr'>Franci</span> 
     </span>
     <span class='ocr_line' id='line_1_24' title="bbox 423 2257 1816 2323; baseline 0.001 -19"><span class='ocrx_word' id='word_1_161' title='bbox 423 2259 708 2316; x_wconf 81' lang='lat' dir='ltr'>didicissent,</span> <span class='ocrx_word' id='word_1_162' title='bbox 728 2259 1004 2303; x_wconf 82' lang='lat' dir='ltr'>aestimantes</span> <span class='ocrx_word' id='word_1_163' title='bbox 1018 2257 1109 2302; x_wconf 90' lang='lat' dir='ltr'>hoc</span> <span class='ocrx_word' id='word_1_164' title='bbox 1125 2274 1220 2303; x_wconf 89' lang='lat' dir='ltr'>uno</span> <span class='ocrx_word' id='word_1_165' title='bbox 1235 2257 1442 2303; x_wconf 87' lang='lat' dir='ltr'>remedio</span> <span class='ocrx_word' id='word_1_166' title='bbox 1457 2260 1662 2304; x_wconf 88' lang='lat' dir='ltr'>succurri</span> <span class='ocrx_word' id='word_1_167' title='bbox 1680 2277 1816 2323; x_wconf 88' lang='lat' dir='ltr'>posse</span> 
     </span>
     <span class='ocr_line' id='line_1_25' title="bbox 423 2334 1815 2397; baseline 0.001 -16"><span class='ocrx_word' id='word_1_168' title='bbox 423 2335 643 2394; x_wconf 84' lang='lat' dir='ltr'>obsessis,</span> <span class='ocrx_word' id='word_1_169' title='bbox 682 2336 718 2381; x_wconf 90' lang='lat' dir='ltr'>si</span> <span class='ocrx_word' id='word_1_170' title='bbox 755 2335 1024 2381; x_wconf 83' lang='lat' dir='ltr'>obsidentes</span> <span class='ocrx_word' id='word_1_171' title='bbox 1064 2334 1120 2379; x_wconf 89' lang='lat' dir='ltr'>ad</span> <span class='ocrx_word' id='word_1_172' title='bbox 1165 2334 1335 2379; x_wconf 88' lang='lat' dir='ltr'>famem</span> <span class='ocrx_word' id='word_1_173' title='bbox 1371 2334 1638 2397; x_wconf 66' lang='lat' dir='ltr'>affigerent,</span> <span class='ocrx_word' id='word_1_174' title='bbox 1675 2347 1720 2382; x_wconf 85' lang='lat' dir='ltr'>et</span> <span class='ocrx_word' id='word_1_175' title='bbox 1751 2337 1815 2382; x_wconf 90' lang='lat' dir='ltr'>eis</span> 
     </span>
     <span class='ocr_line' id='line_1_26' title="bbox 423 2410 1815 2475; baseline 0.002 -20"><span class='ocrx_word' id='word_1_176' title='bbox 423 2412 561 2457; x_wconf 82' lang='lat' dir='ltr'>etiarn</span> <span class='ocrx_word' id='word_1_177' title='bbox 599 2412 783 2475; x_wconf 89' lang='lat' dir='ltr'>copiam</span> <span class='ocrx_word' id='word_1_178' title='bbox 821 2427 1018 2456; x_wconf 79' lang='lat' dir='ltr'>annonae</span> <span class='ocrx_word' id='word_1_179' title='bbox 1059 2410 1394 2474; x_wconf 79' lang='lat' dir='ltr'>prohiberent,</span> <span class='ocrx_word' id='word_1_180' title='bbox 1438 2411 1632 2457; x_wconf 87' lang='lat' dir='ltr'>collecta</span> <span class='ocrx_word' id='word_1_181' title='bbox 1672 2429 1815 2459; x_wconf 88' lang='lat' dir='ltr'>manu</span> 
     </span>
     <span class='ocr_line' id='line_1_27' title="bbox 425 2486 1815 2550; baseline 0.002 -18"><span class='ocrx_word' id='word_1_182' title='bbox 425 2488 623 2532; x_wconf 86' lang='lat' dir='ltr'>militum</span> <span class='ocrx_word' id='word_1_183' title='bbox 659 2503 939 2546; x_wconf 74' lang='lat' dir='ltr'>numerosa,</span> <span class='ocrx_word' id='word_1_184' title='bbox 974 2497 1018 2532; x_wconf 86' lang='lat' dir='ltr'>et</span> <span class='ocrx_word' id='word_1_185' title='bbox 1051 2503 1152 2549; x_wconf 83' lang='lat' dir='ltr'>quae</span> <span class='ocrx_word' id='word_1_186' title='bbox 1183 2486 1241 2531; x_wconf 91' lang='lat' dir='ltr'>ad</span> <span class='ocrx_word' id='word_1_187' title='bbox 1276 2487 1469 2550; x_wconf 85' lang='lat' dir='ltr'>triplum</span> <span class='ocrx_word' id='word_1_188' title='bbox 1501 2490 1573 2534; x_wconf 73' lang='lat' dir='ltr'>vel</span> <span class='ocrx_word' id='word_1_189' title='bbox 1608 2489 1815 2550; x_wconf 82' lang='lat' dir='ltr'>quadru-</span> 
     </span>
     <span class='ocr_line' id='line_1_28' title="bbox 423 2562 1814 2624; baseline 0.004 -18"><span class='ocrx_word' id='word_1_190' title='bbox 423 2562 555 2624; x_wconf 89' lang='lat' dir='ltr'>plum</span> <span class='ocrx_word' id='word_1_191' title='bbox 594 2564 846 2623; x_wconf 75' lang='lat' dir='ltr'>Anglorum</span> <span class='ocrx_word' id='word_1_192' title='bbox 883 2563 1136 2609; x_wconf 83' lang='lat' dir='ltr'>exercitum</span> <span class='ocrx_word' id='word_1_193' title='bbox 1172 2563 1395 2609; x_wconf 81' lang='lat' dir='ltr'>excedere</span> <span class='ocrx_word' id='word_1_194' title='bbox 1426 2564 1678 2624; x_wconf 77' lang='lat' dir='ltr'>ferebatur,</span> <span class='ocrx_word' id='word_1_195' title='bbox 1706 2583 1814 2612; x_wconf 87' lang='lat' dir='ltr'>cum</span> 
     </span>
     <span class='ocr_line' id='line_1_29' title="bbox 424 2638 1813 2703; baseline 0.004 -21"><span class='ocrx_word' id='word_1_196' title='bbox 424 2638 600 2683; x_wconf 87' lang='lat' dir='ltr'>eisdem</span> <span class='ocrx_word' id='word_1_197' title='bbox 635 2641 786 2701; x_wconf 80' lang='lat' dir='ltr'>Anglis</span> <span class='ocrx_word' id='word_1_198' title='bbox 819 2650 863 2685; x_wconf 90' lang='lat' dir='ltr'>et</span> <span class='ocrx_word' id='word_1_199' title='bbox 899 2640 1182 2685; x_wconf 75' lang='lat' dir='ltr'>Nor-mannis</span> <span class='ocrx_word' id='word_1_200' title='bbox 1218 2640 1263 2684; x_wconf 92' lang='lat' dir='ltr'>in</span> <span class='ocrx_word' id='word_1_201' title='bbox 1301 2641 1478 2703; x_wconf 88' lang='lat' dir='ltr'>campis</span> <span class='ocrx_word' id='word_1_202' title='bbox 1511 2642 1670 2686; x_wconf 80' lang='lat' dir='ltr'>Belciae</span> <span class='ocrx_word' id='word_1_203' title='bbox 1699 2659 1813 2687; x_wconf 91' lang='lat' dir='ltr'>con-</span> 
     </span>
     <span class='ocr_line' id='line_1_30' title="bbox 425 2713 1816 2779; baseline 0.003 -22"><span class='ocrx_word' id='word_1_204' title='bbox 425 2713 553 2776; x_wconf 85' lang='lat' dir='ltr'>gredi</span> <span class='ocrx_word' id='word_1_205' title='bbox 578 2722 849 2758; x_wconf 84' lang='lat' dir='ltr'>statuerunt.</span> <span class='ocrx_word' id='word_1_206' title='bbox 881 2714 1097 2759; x_wconf 87' lang='lat' dir='ltr'>Videntes</span> <span class='ocrx_word' id='word_1_207' title='bbox 1112 2731 1223 2759; x_wconf 82' lang='lat' dir='ltr'>vero</span> <span class='ocrx_word' id='word_1_208' title='bbox 1243 2716 1376 2775; x_wconf 85' lang='lat' dir='ltr'>Angli</span> <span class='ocrx_word' id='word_1_209' title='bbox 1399 2717 1444 2760; x_wconf 91' lang='lat' dir='ltr'>in</span> <span class='ocrx_word' id='word_1_210' title='bbox 1463 2718 1638 2779; x_wconf 87' lang='lat' dir='ltr'>campis</span> <span class='ocrx_word' id='word_1_211' title='bbox 1657 2727 1816 2779; x_wconf 82' lang='lat' dir='ltr'>paten-</span> 
     </span>
    </p>
   </div>
  </div>
 </body>
</html>
