2037 3442
743 296 884 331 LIBER
909 296 1132 342 QUINTUS.
1557 294 1631 329 269

246 375 485 420 Britonum
514 376 607 420 dux
633 376 691 421 ad
721 377 959 421 servitium
991 377 1109 437 regis
1141 377 1458 421 transmiserat
1485 391 1631 437 usque

241 453 301 497 ad
330 463 559 498 trecentas
584 454 766 498 circiter
791 454 1012 499 lanceas¹.

307 530 531 574 Confecto
565 540 717 574 autem
756 530 945 592 proelio,
984 546 1087 590 spes
1118 530 1354 590 animique
1391 528 1631 589 Burdega—

244 606 439 650 lensium
482 606 750 651 ceciderunt
775 640 785 660 ,
823 622 930 650 cum
979 615 1113 649 antea
1160 606 1203 649 in
1253 605 1447 650 audacia
1494 615 1632 665 atque

242 683 472 728 industria
495 684 626 727 ducis
650 683 847 727 maxime
876 680 1186 726 confiderent.
1217 681 1349 726 Unde
1375 698 1430 725 eo
1460 682 1523 725 sic
1543 717 1552 735 ,
1583 690 1633 725 ut

244 759 580 820 praemisimus,
619 758 867 809 exstincto,
917 757 1016 801 sine
1049 772 1220 818 magno
1254 756 1443 816 negotio
1481 772 1559 800 rex
1589 765 1633 800 et

244 835 574 895 Bufflegalam,
611 844 653 878 et
687 834 774 878 alia
805 832 991 878 castella
1032 849 1135 894 quae
1177 832 1388 893 Anglicos
1423 849 1635 895 suscepe-

245 921 361 967 rant,
384 911 441 956 ad
469 911 756 956 deditionem
781 910 949 970 coegit.
982 912 1035 953 Et
1060 909 1219 970 utique
1244 909 1457 953 duriores
1481 910 1637 953 verisi-

245 986 413 1031 militer
439 987 734 1032 conditiones
759 984 1012 1046 ssurdegala
1037 985 1312 1040 invenisset,
1348 985 1434 1029 nisi
1470 986 1633 1047 pestis,

242 1080 343 1124 quae
373 1074 468 1107 tuin
506 1064 550 1107 in
584 1063 731 1125 patria
756 1062 830 1106 illa
863 1072 1002 1123 atque
1034 1062 1170 1106 etiam
1204 1061 1248 1105 in
1289 1060 1492 1106 exercitu
1519 1062 1637 1122 regis

242 1139 473 1193 szeviebat,
499 1156 596 1183 rem
619 1139 843 1184 maturius
866 1137 1072 1199 expediri
1096 1137 1325 1181 suasisset.
1346 1140 1462 1182 Cum
1483 1137 1637 1198 itaque

244 1215 422 1259 fecisset
446 1215 697 1275 Burdegala
721 1214 1056 1271 deditioiiem²,
1078 1212 1338 1274 agitabatur
1364 1214 1484 1258 inter
1504 1217 1639 1258 Fran-

242 1306 407 1334 corum
437 1289 579 1334 duces
597 1326 607 1346 ‚
642 1290 679 1334 si
709 1299 900 1352 propter
926 1289 1186 1334 incolarum
1211 1289 1478 1352 perfidiam,
1508 1289 1637 1352 quod

243 1364 333 1409 fide
355 1375 489 1427 rupta
514 1366 727 1426 Anglicos
750 1365 1057 1410 advocassent
1078 1375 1123 1410 et
1148 1366 1445 1427 recepissent,
1465 1366 1638 1411 moenia

242 1458 327 1502 pro
354 1441 556 1487 vindicta
582 1443 703 1487 dirui
727 1441 967 1486 deberent.
996 1441 1136 1497 Quod
1162 1442 1225 1486 ita
1257 1441 1353 1487 fieri
1386 1441 1556 1487 debere
1579 1443 1638 1488 ad

242 1528 470 1563 terrorem
503 1519 702 1564 aliorum
731 1519 919 1581 plui-imi
946 1518 1265 1563 decernebant
1293 1528 1433 1580 atque
1473 1536 1640 1564 consu-

241 1594 416 1639 lebant.
453 1595 543 1639 Sed
577 1596 621 1639 in
650 1595 972 1655 benigniorem
1006 1605 1049 1639 et
1075 1594 1426 1639 clementiorem
1463 1612 1539 1640 rex
1568 1595 1638 1639 in-

242 1670 387 1715 flexus
422 1672 726 1727 sententiam,
771 1671 862 1714 hoc
906 1670 1085 1715 censuit
1121 1670 1313 1714 minime
1351 1670 1635 1715 faciendum.

245 1749 444 1804 Verum,
476 1755 525 1790 ut
550 1746 733 1791 frenum
760 1746 952 1808 aliquod
977 1762 1069 1791 suae
1093 1745 1416 1808 imponeretur
1439 1747 1637 1805 levitati,

243 1823 289 1867 in
313 1839 368 1868 ea
391 1823 575 1868 civitate
599 1822 713 1867 duas
737 1822 1050 1878 aediflcandas,
1077 1822 1250 1866 civium
1275 1821 1518 1884 impensis,
1540 1839 1642 1867 mu-

244 1899 531 1961 niendasque
554 1915 683 1945 arces
715 1899 990 1956 constituit,
1021 1908 1093 1953 ut,
1123 1898 1159 1942 si
1195 1897 1450 1960 aliquando
1474 1898 1641 1944 infensi

244 1974 335 2019 loci
355 1975 522 2020 aecolae
545 1975 603 2019 de
625 1975 878 2020 invitandis
895 1975 1053 2020 denuo
1071 1974 1475 2037 suscipiendisque
1494 1974 1641 2020 hosti-

244 2050 331 2095 bus
357 2052 637 2111 cogitarent,
661 2051 749 2097 tale
777 2051 863 2096 sibi
897 2068 949 2096 ex
978 2051 1253 2113 hujusmodi
1281 2051 1466 2096 arcibus
1491 2052 1642 2096 immi-

245 2138 376 2173 neret
410 2129 604 2190 jugum‚
643 2145 669 2173 a
702 2145 796 2191 quo
832 2129 1035 2174 cervices
1071 2144 1199 2185 suas,
1235 2127 1639 2190 quemadmodum

246 2204 437 2263 vellent,
469 2205 661 2250 minime
694 2214 884 2267 possent
913 2214 1146 2250 excutere.
1183 2207 1297 2260 Quae
1332 2220 1460 2250 arces
1494 2221 1640 2267 usque

297 2345 332 2379 1.
365 2344 415 2380 Ce
435 2343 498 2379 fait
514 2351 569 2380 est
586 2343 766 2379 confirme
784 2355 852 2392 par
871 2343 1033 2379 l'auteur
1054 2342 1169 2379 d'une
1193 2343 1306 2393 petite
1327 2342 1536 2392 chronique
1558 2356 1639 2380 ma-

242 2401 406 2437 nuscrite
428 2401 474 2438 de
497 2401 531 2437 la
554 2400 812 2450 bibliotheque
836 2400 882 2437 de
904 2400 1277 2438 Sainte-Genevieve
1297 2404 1357 2447 (n0
1379 2403 1494 2448 1155)
1519 2416 1527 2437 ι
1560 2420 1575 2435 u
1595 2405 1641 2438 Et

242 2474 266 2509 y
296 2469 428 2498 eurent
453 2461 506 2498 les
527 2461 721 2511 seigneurs
749 2461 796 2498 de
817 2461 1053 2510 Hunaudaye
1074 2470 1109 2498 et
1129 2460 1359 2498 Montauban
1373 2491 1381 2506 ,
1404 2469 1440 2497 et
1459 2461 1570 2497 ceulx
1593 2461 1639 2498 de

244 2519 325 2555 leur
343 2520 581 2570 compaignie
596 2550 605 2565 ‚
634 2521 707 2556 tres
728 2529 838 2570 grant
860 2519 1034 2556 honneur
1053 2528 1087 2555 et
1115 2520 1199 2569 plus
1225 2532 1298 2568 que
1318 2519 1405 2555 nulz
1427 2527 1552 2556 autres
1574 2519 1639 2556 des

244 2579 333 2616 trois
358 2579 541 2617 batailles.
564 2582 608 2615 Et
630 2592 653 2628 y
674 2579 809 2629 gaigna
833 2578 987 2614 messii-e
1011 2577 1154 2614 Olivier
1174 2577 1312 2614 Gisfart
1338 2578 1372 2614 la
1391 2577 1571 2615 banniere
1592 2578 1638 2615 de

241 2637 419 2682 Talebot3
449 2645 484 2674 et
505 2651 552 2674 en
575 2637 727 2688 general
755 2637 806 2673 les
829 2639 986 2673 Bretons
1013 2650 1035 2685 y
1062 2636 1297 2687 gaignierent
1327 2636 1413 2685 cinq
1438 2635 1638 2673 bannieres

242 2696 355 2745 qu’ilz
375 2697 630 2746 emporterent
649 2709 696 2732 en
710 2695 920 2745 Bretaigne.
942 2711 958 2727 υ

295 2756 334 2790 2.
365 2757 417 2791 Le
438 2756 484 2790 17
510 2753 664 2791 octobre
687 2755 803 2791 1453.
