2037 3442
727 299 871 335 LIBER
899 299 1161 337 SECUNDUS.
1592 301 1639 336 67

251 380 297 425 in
322 397 426 425 rure
451 381 687 443 pascendo
713 381 869 444 pecori
900 380 1151 437 insisteret,
1182 380 1448 444 apparuisse
1474 380 1643 443 praedi-

251 466 345 501 ctas
369 457 567 517 virgines
596 466 800 513 sanctas,
836 466 880 502 et
914 456 1132 502 mandata
1161 457 1317 502 divina
1345 457 1403 502 ad
1435 473 1538 502 eam
1563 457 1643 503 de-

252 532 426 577 tulisse.
457 532 618 578 Aiebat
650 533 775 578 enim
803 543 1085 596 praeceptum
1121 533 1293 579 sactum
1336 543 1385 579 ut
1415 534 1473 579 ad
1502 537 1643 579 Caro-

250 607 347 652 lum
376 625 531 670 regem
555 610 818 667 accederet,
850 609 937 654 sibi
960 609 1188 655 nonnulla
1220 610 1338 654 clam
1362 620 1441 655 aut
1467 621 1645 655 secreto

250 684 439 730 diceret.
478 690 613 743 Quae,
642 686 795 747 qualia
822 695 995 744 essent,
1024 686 1121 748 ipse
1151 703 1229 730 rex
1257 686 1372 730 scire
1400 687 1575 748 potuit,
1602 696 1648 731 et

250 761 286 804 si
309 762 383 806 cui
412 762 565 807 forsan
591 763 687 824 ipse
714 762 958 820 revelavit3
984 779 1094 807 nam
1117 762 1294 807 occulta
1318 761 1472 823 aliqua
1496 779 1551 806 ex
1576 762 1648 807 his

252 837 458 897 suerunt,
486 839 641 901 aliqua
665 849 821 884 autem
839 838 1061 885 omnibus
1088 838 1241 901 palam
1261 838 1399 896 facta,
1428 847 1479 882 ut
1503 838 1551 883 in
1578 855 1647 883 se-

249 915 500 975 quentibus
525 915 787 979 apparebit.

316 992 523 1054 Acceptis
546 992 682 1052 igitur
708 991 1032 1053 hujuscemodi
1054 991 1311 1036 visionibus
1337 1001 1381 1036 et
1402 990 1650 1036 revelatio-

250 1067 404 1124 nibus,
421 1071 617 1127 Joanua,
630 1086 731 1130 quae
745 1068 884 1130 vulgo
900 1084 1186 1130 peromnem
1200 1067 1397 1113 Galliam
1415 1067 1609 1113 «Puella
1623 1088 1644 1108 »

248 1143 585 1205 appellabatur,
625 1145 684 1189 ad
719 1144 970 1206 quemdam
998 1144 1219 1201 militem,
1254 1143 1505 1190 dominum
1536 1155 1649 1190 tem-

248 1219 457 1281 poralem
492 1220 608 1264 villae
642 1221 701 1267 de
740 1236 832 1283 qua
868 1220 1068 1266 oriunda
1098 1223 1220 1266 erat¹
1257 1230 1302 1266 et
1332 1222 1377 1266 in
1411 1238 1504 1284 qua
1537 1238 1647 1267 cum

247 1297 339 1341 suis
360 1297 632 1359 parentibus
655 1298 942 1355 morabatur,
971 1299 1185 1357 accessit,
1215 1298 1305 1343 sibi
1333 1315 1540 1344 asserens
1564 1300 1648 1346 Dei

247 1373 536 1419 voluntatem
565 1391 663 1420 esse
688 1385 738 1420 ut
761 1392 862 1420 eam
894 1375 951 1420 ad
982 1391 1138 1436 regem
1162 1378 1452 1420 Francorum
1477 1376 1652 1438 perdu-

246 1459 391 1508 ceret,
421 1460 471 1495 ut
502 1450 588 1495 sibi
614 1451 842 1497 nonnulla
868 1451 1035 1496 divinae
1058 1450 1251 1496 visionis
1277 1451 1493 1497 mandata
1518 1462 1648 1515 pate-

247 1526 437 1585 faceret,
467 1527 591 1572 unde
621 1527 734 1586 sibi,
773 1529 808 1572 si
834 1528 898 1573 eis
935 1538 1141 1591 pareret,
1169 1536 1215 1572 et
1251 1528 1334 1573 toti
1361 1531 1651 1574 Francorum

246 1620 390 1665 regno
418 1603 634 1649 utilitates
666 1605 878 1650 maximae
904 1614 1057 1649 essent
1082 1613 1397 1666 proventurae.
1431 1605 1546 1649 Cum
1570 1621 1648 1650 au-

248 1690 340 1725 tem
364 1679 489 1726 idem
522 1680 676 1735 miles,
706 1681 803 1742 ejus
828 1680 1073 1726 attendens
1100 1679 1445 1743 simplicitatem
1462 1716 1473 1736 ‚
1499 1681 1581 1743 qui
1604 1691 1650 1726 et

245 1757 387 1820 ipsius
404 1766 620 1820 parentes
641 1757 956 1818 cognoscebat
976 1756 1071 1802 ruri
1086 1756 1289 1801 colendo
1308 1757 1650 1820 pascendisque

245 1834 494 1896 pecoribus
530 1833 904 1896 animalibusque
934 1849 1127 1896 operam
1169 1832 1360 1892 dantes,
1398 1833 1496 1895 ejus
1523 1833 1648 1879 dicta

246 1927 332 1973 pro
355 1910 503 1957 nihilo
530 1911 747 1967 duceret,
777 1919 823 1955 et
847 1909 1195 1956 contemnenda
1226 1909 1379 1973 prima
1407 1910 1523 1956 facie
1559 1911 1649 1956 exi-

247 1986 475 2043 stimaret,
502 2004 605 2050 quae
633 1985 878 2050 poscebat,
911 1987 1035 2032 velut
1066 1986 1124 2032 ab
1157 1986 1302 2032 idiota
1326 1996 1372 2031 et
1397 1987 1646 2052 insipiente

248 2063 519 2110 muliercula
553 2064 706 2122 dicta,
744 2064 938 2128 implere
965 2063 1228 2110 recusabat.
1269 2063 1360 2110 Sed
1398 2081 1505 2110 cum
1546 2065 1646 2128 ipsa

247 2140 553 2186 nihilominus
567 2151 883 2204 perseveraret
897 2141 944 2186 in
961 2158 1042 2187 sua
1059 2141 1338 2199 assertione,
1357 2141 1645 2187 comminata

248 2218 413 2276 etiam,
441 2217 478 2262 si
501 2217 660 2263 divina
685 2218 905 2275 mandata
928 2228 1278 2273 contemneret,
1307 2216 1395 2262 sibi
1420 2217 1643 2263 divinitus

245 2297 430 2360 plagam
455 2298 593 2342 etiam
616 2312 713 2341 non
740 2296 1029 2354 defuturam,
1056 2307 1126 2354 et,
1158 2297 1224 2342 uti
1246 2295 1484 2341 verissime
1515 2296 1644 2342 credi

244 2384 423 2438 potest,
451 2373 636 2435 signum
660 2373 851 2436 aliquod
873 2391 965 2418 suae
986 2374 1177 2418 visionis
1198 2372 1423 2431 dedisset,
1452 2389 1561 2418 eum
1583 2373 1642 2419 ad

244 2451 593 2497 assentiendum
614 2459 659 2495 et
682 2466 735 2495 ea
755 2466 856 2512 quae
873 2449 1097 2512 poscebat
1114 2448 1407 2512 implendum
1427 2448 1637 2495 adduxit.

247 2529 380 2575 Unde
400 2530 513 2593 ipse,
537 2527 708 2592 paratis
724 2526 785 2572 ad
797 2526 1198 2590 proficiscendum
1217 2526 1349 2589 equis
1366 2542 1419 2571 ac
1437 2525 1636 2585 famulis,

299 2642 336 2679 1.
366 2643 423 2677 En
454 2639 661 2676 admettant
690 2637 851 2674 l’erreur
877 2636 923 2674 de
948 2636 1111 2673 Thomas
1132 2635 1243 2673 Basin
1267 2649 1331 2673 sur
1353 2635 1611 2673 Vaucouleurs
1629 2668 1638 2684 ‚

243 2698 386 2736 Robert
407 2699 454 2736 de
474 2697 723 2736 Baudricourt
740 2727 749 2744 ‚
772 2696 863 2733 dont
882 2695 906 2732 il
928 2703 1017 2733 veut
1045 2695 1173 2746 parler
1191 2694 1236 2731 iri
1257 2725 1265 2740 ‚
1285 2694 1374 2732 etait
1393 2695 1579 2745 capitaine
1604 2705 1640 2732 et

242 2771 319 2796 non
337 2772 403 2809 pas
423 2758 600 2808 seigneur
622 2756 668 2793 de
689 2764 785 2792 cette
804 2754 907 2791 ville.
