2037 3442
363 266 436 301 302
746 264 937 298 HISTORI
945 263 1081 297 ARUM
1105 261 1282 296 CAROLI
1309 263 1376 296 VII

362 345 449 389 bus
469 345 588 400 suis,
612 360 638 387 a
661 353 817 404 patre,
838 342 950 386 dum
976 340 1131 385 adhuc
1153 340 1356 396 viveret,
1381 341 1438 384 ad
1464 351 1607 385 terras
1625 342 1755 385 Flan-

361 421 470 466 driae
489 457 498 475 ,
526 428 719 482 propter
737 418 964 480 ancipites
991 417 1258 479 dubiosque
1283 416 1517 462 bellorum
1539 427 1752 473 eventus,

363 495 656 541 transmissus
690 494 909 551 alendus,
941 504 988 539 et
1018 510 1044 539 a
1080 493 1469 555 Burgundionum
1501 493 1620 538 duce
1649 510 1756 537 eum

362 573 544 617 honore
566 581 786 634 exceptus
804 571 1094 633 fideliterque
1118 581 1343 628 servatus,
1362 571 1650 633 priusquam,
1677 586 1758 633 pa-

361 660 429 695 tre
454 659 661 705 mortuo,
698 665 782 711 per
807 650 1027 694 comitem
1052 648 1111 693 de
1136 648 1359 694 mewz'clz
1379 648 1683 693 accersiretur
1699 645 1756 692 ad

362 743 556 788 regnum
585 744 593 771 :
623 724 704 770 ubi
737 742 844 770 cum
880 726 1069 788 prael'ato
1095 726 1234 770 etiam
1267 724 1504 788 Delphino
1536 725 1760 770 amicitias

361 803 620 866 copularat.
649 802 773 858 Quin
806 802 944 846 etiam
964 837 975 859 ,
1004 811 1311 865 posteaquam
1333 800 1458 845 idem
1485 800 1755 853 lithardus,

361 881 496 945 pulso
517 881 719 925 Henrico
735 917 746 938 ,
770 880 817 924 in
840 878 1096 940 Anglorum
1119 895 1272 940 regem
1293 879 1463 923 exstitit
1486 878 1760 923 sublimatus

361 956 815 1020 quodammodoque
851 956 1104 1015 stabilitus,
1134 972 1242 1001 cum
1280 955 1451 1000 eodem
1489 955 1615 1000 idem
1653 955 1761 999 Del-

362 1034 536 1098 phinus
568 1050 664 1078 non
690 1033 835 1078 niodo
864 1033 1088 1078 amicitias
1106 1069 1117 1091 ,
1152 1033 1234 1078 sed
1263 1042 1389 1077 arcta
1423 1032 1561 1076 etiam
1588 1031 1761 1076 foedera

362 1112 531 1156 dieitur
569 1111 750 1178 iniisse«,
781 1127 876 1156 non
905 1111 1088 1156 nescius
1114 1111 1333 1156 Carolum
1355 1149 1364 1166 ,
1390 1119 1571 1172 patrem
1597 1125 1757 1164 suum,

362 1205 471 1234 eum
496 1188 622 1234 velut
646 1188 831 1233 hostem
856 1197 1151 1251 reputantem
1171 1224 1181 1244 ,
1202 1187 1261 1232 ad
1285 1186 1626 1232 restituendum
1644 1189 1764 1231 Hen-

361 1265 512 1310 ricum
537 1281 703 1326 magna
727 1280 838 1309 cura
869 1275 913 1309 et
938 1265 1093 1310 studio
1119 1264 1379 1310 intendere.
1410 1266 1466 1307 Et
1490 1279 1544 1308 ea
1569 1263 1760 1325 quidem

362 1341 562 1386 amicitia
585 1377 595 1399 ,
624 1340 783 1403 quoad
813 1340 1036 1397 Carolus,
1064 1357 1174 1386 suus
1198 1350 1347 1404 pater,
1382 1349 1614 1402 superstes
1646 1340 1758 1397 fuit,

363 1418 555 1463 durasse
578 1418 748 1481 potuit.
792 1417 992 1473 Qualem
1031 1434 1172 1471 vero,
1217 1427 1348 1481 patre
1380 1417 1521 1463 rebus
1546 1416 1764 1462 humanis

363 1503 582 1557 exempto
603 1530 614 1551 ,
655 1493 937 1539 soliditatem
978 1495 1251 1551 servaverit,
1279 1494 1386 1540 loco
1420 1511 1505 1539 suo
1543 1494 1604 1556 (si
1639 1497 1765 1538 Deus

363 1571 643 1632 donaverit)
672 1572 716 1615 in
743 1570 1044 1632 sequentibus
1070 1572 1342 1618 referemus.

429 1651 626 1704 Quantae
652 1657 807 1693 autem
830 1647 1083 1692 hominum
1119 1658 1293 1709 strages
1320 1647 1590 1709 eaedesque,
1626 1646 1764 1710 pulso

366 1726 608 1787 ejectoque
646 1726 879 1782 Henrieo,
911 1734 1029 1786 quot
1062 1726 1236 1787 rapinae
1270 1725 1651 1788 direptionesque
1680 1723 1765 1768 bo-

366 1819 539 1847 norum
575 1812 620 1847 et
655 1801 911 1846 domorum
940 1800 1246 1863 expilation'ies
1284 1801 1455 1864 passim
1484 1818 1567 1863 per
1601 1817 1766 1846 omnes

366 1879 498 1940 regni
530 1879 702 1939 Angliae
735 1878 962 1923 terminos
989 1877 1118 1923 factae
1152 1877 1350 1930 fuerint,
1378 1894 1543 1922 eorum
1582 1878 1766 1940 potissi-

367 1971 497 1999 mum
522 1955 604 2016 qui
629 1954 833 2016 partium
857 1969 1047 1998 suarum
1081 1953 1277 1998 studiosi
1302 1953 1439 1998 fuisse
1467 1962 1762 2011 notarentur,

366 2033 443 2076 vix
462 2031 554 2076 ulla
571 2031 839 2075 narratione
857 2046 939 2074 seu
959 2030 1223 2075 elocutione
1241 2031 1410 2092 a‘quari
1433 2041 1603 2093 posset.
1625 2034 1767 2076 Tanta

369 2107 494 2153 enim
513 2106 733 2152 saeviendi
755 2106 942 2152 lieentia
965 2116 1064 2151 toto
1091 2123 1235 2168 regno
1257 2107 1478 2169 permissa
1500 2106 1764 2164 videbatur,

369 2195 417 2229 ut
443 2201 677 2246 nusquam
701 2200 832 2246 paene
857 2183 1046 2246 aliquis,
1074 2200 1345 2246 quanquam
1366 2185 1552 2241 insons,
1580 2202 1770 2247 praeser-

371 2263 452 2306 tim
495 2262 530 2306 si
566 2261 805 2306 facultates
837 2261 1014 2323 aliquas
1055 2260 1229 2306 habere
1267 2270 1527 2323 putaretur,
1569 2261 1769 2306 intactus

370 2349 596 2385 maneret.
622 2337 758 2383 Unde
783 2347 828 2383 et
850 2338 1056 2401 plurimi,
1084 2337 1276 2383 feralem
1300 2338 1424 2383 illam
1450 2338 1625 2384 rabiem
1655 2338 1769 2383 effu-

372 2432 478 2476 gere
514 2432 610 2461 non
644 2415 755 2460 alias
781 2431 918 2478 posse
950 2432 1092 2478 quam
1126 2432 1210 2478 per
1239 2416 1395 2478 fugam
1428 2416 1765 2473 existimantes,

372 2493 431 2537 ad
455 2493 625 2538 alienas
653 2504 799 2538 terras
821 2508 919 2538 sese
952 2492 1313 2547 transtulerunt,
1340 2509 1388 2539 se
1421 2493 1598 2538 felicius
1622 2492 1770 2538 multo

373 2569 566 2614 ubilibet
598 2569 807 2615 exsulare
840 2579 1135 2633 reputanteS,
1163 2586 1332 2632 quam,
1360 2571 1408 2616 in
1437 2571 1638 2634 propriis
1664 2571 1772 2616 lari--

374 2646 485 2705 bus,
513 2647 652 2692 tantis
675 2663 722 2692 se
749 2646 987 2709 objectare
1014 2663 1098 2693 seu
1121 2647 1390 2710 permittere
1417 2647 1672 2693 furoribus.
