2037 3442
434 268 508 302 254
811 269 1143 303 HISTORIARUM
1175 270 1350 304 CAROLI
1379 272 1446 305 VII

434 357 550 392 trem
581 349 719 392 etiam
754 365 890 392 suum
916 384 927 403 ,
964 348 1185 392 comitem
1231 348 1403 408 Det-by,
1436 352 1662 396 Henricus
1705 356 1822 398 Len-

432 424 639 479 castriae,
695 423 774 485 qui
823 424 1159 468 Normanniam
1218 425 1532 486 conquisierat
1590 435 1726 487 atque
1776 429 1822 472 in

432 499 624 543 Francia
659 515 846 560 guerras
883 515 910 544 a
951 499 1085 544 nobis
1134 501 1345 561 superius
1387 499 1551 546 relatas
1597 500 1820 560 duxerat,

432 584 584 619 morte
609 576 845 637 punierat,
869 592 977 620 cum
1001 592 1026 620 e
1052 575 1206 621 littore
1235 576 1485 637 Anglicano
1516 577 1708 622 classem
1733 578 1826 622 sol-

432 666 540 695 vere
577 660 650 706 et,
691 652 1024 696 Normanniam
1061 668 1386 714 aggressurus,
1424 653 1613 715 pelagus
1653 654 1824 699 intrare

430 724 583 770 vellet.
623 728 736 780 Quae
772 742 843 771 res
867 742 893 771 a
919 726 1030 771 dicti
1063 726 1195 772 ducis
1227 726 1423 772 Eboraci
1457 728 1708 786 memoria,
1744 731 1825 790 qui

431 811 477 846 et
513 802 610 865 ipse
647 802 903 848 Richardus
939 803 1213 860 vocabatur,
1245 804 1437 849 minime
1472 804 1635 866 procul
1678 805 1824 851 (lubio

431 878 725 937 exciderant,
754 889 894 942 prout
925 879 1108 924 actitata
1134 879 1498 925 luculentissime
1523 881 1823 942 postmodum

431 954 715 1000 indicarunt.

496 1033 700 1093 Contigit
722 1042 879 1078 autem
905 1048 957 1077 ea
981 1043 1281 1096 tempestate,
1321 1043 1370 1078 ut
1401 1050 1479 1079 rex
1510 1033 1677 1096 Angliae
1699 1037 1826 1080 Hen-

431 1108 553 1153 ricus
585 1126 799 1172 proceres
832 1120 877 1155 et
909 1119 1054 1155 status
1086 1112 1215 1173 regni
1246 1111 1345 1167 sui,
1387 1112 1444 1157 ad
1483 1111 1823 1174 parlamentum

431 1184 764 1231 celebrandum
786 1203 839 1231 ex
862 1203 993 1232 more
1015 1224 1024 1244 ‚
1053 1187 1111 1232 ad
1134 1187 1290 1233 villam
1315 1188 1570 1250 quamdam
1594 1205 1825 1234 convoca-

431 1271 516 1306 ret.
547 1262 614 1306 Ad
647 1278 787 1324 quem
811 1262 968 1307 locum
988 1300 999 1321 ,
1040 1272 1212 1309 statuto
1250 1264 1324 1309 die
1344 1301 1356 1322 ,
1393 1281 1500 1310 cum
1534 1265 1825 1311 adventasset

431 1337 523 1381 dux
549 1340 852 1384 Summerseti
873 1375 883 1397 ,
913 1355 1000 1384 nec
1024 1339 1082 1384 de
1105 1340 1286 1385 insidiis
1309 1340 1440 1386 ducis
1465 1340 1663 1386 Eboraci
1691 1341 1824 1403 quid-

430 1430 571 1475 quam
605 1425 717 1460 tunc
748 1416 1078 1478 suspicaretur,
1108 1416 1166 1461 ad
1196 1417 1413 1462 eumdem
1441 1418 1596 1462 locum
1617 1453 1627 1473 ‚
1660 1417 1823 1463 eadem

431 1507 577 1553 prope
605 1490 754 1547 hora,
795 1493 986 1554 contigit
1020 1502 1064 1537 et
1093 1492 1261 1538 ducem
1297 1493 1495 1538 Eboraci
1528 1510 1635 1538 cum
1670 1494 1825 1539 multis

429 1566 702 1612 satellitibus
727 1568 976 1630 applicare.
1007 1569 1097 1624 Qui
1128 1569 1281 1614 statim
1309 1579 1358 1613 ut
1391 1568 1450 1615 ab
1480 1586 1603 1632 equo
1637 1570 1826 1615 descen-

430 1643 561 1688 derat
595 1660 703 1688 cum
733 1645 825 1689 suis
868 1645 912 1689 in
948 1644 1101 1708 platea
1139 1645 1353 1708 publica,
1382 1656 1427 1691 et
1456 1646 1520 1692 eis
1558 1647 1821 1692 nuntiatum

430 1729 547 1763 esset
578 1719 747 1764 ducem
779 1722 1083 1766 Summerseti
1108 1721 1352 1784 paululum
1386 1732 1493 1767 ante
1530 1722 1822 1768 descendisse

429 1804 474 1839 et
509 1795 749 1857 quoddam
780 1796 1009 1841 introiisse
1035 1797 1317 1859 hospitium,
1349 1815 1458 1843 suos
1490 1797 1599 1844 illuc
1638 1798 1823 1843 mittens

428 1873 644 1918 satellites
663 1910 673 1930 ,
714 1875 896 1936 ipsum,
928 1890 1076 1937 prope
1102 1875 1336 1920 caminam
1371 1875 1417 1919 in
1444 1892 1635 1920 scamno
1662 1875 1822 1920 seden—

430 1958 549 2007 tem,
584 1949 782 1995 interfici
820 1950 925 1996 fecit
947 1953 972 1995 ¹.
1011 1951 1153 2012 Cujus
1190 1952 1253 1997 rei
1287 1951 1346 1998 ad
1379 1953 1633 1997 Henricum
1666 1969 1821 2013 regem

428 2042 617 2070 rumore
642 2025 795 2071 subito
817 2026 1011 2089 perlato,
1031 2044 1138 2072 cum
1162 2029 1259 2091 ipse
1284 2046 1420 2074 suum
1446 2029 1700 2091 hospitium
1715 2046 1820 2074 cum

428 2101 668 2146 nonnullis
685 2103 888 2159 exiisset,
915 2103 1076 2164 sagitta
1094 2104 1140 2148 in
1161 2104 1283 2149 collo
1307 2109 1541 2168 trajectus,
1569 2122 1670 2168 quae
1684 2122 1822 2168 super

428 2177 581 2240 ipsum
609 2179 798 2224 fortuito
824 2179 1082 2239 advolarat,
1112 2181 1299 2241 vulnus,
1330 2199 1427 2227 non
1452 2193 1605 2228 tamen
1634 2183 1818 2240 lethale,

426 2255 603 2317 accepit
622 2274 632 2313 3
655 2265 699 2300 et
722 2257 799 2314 ita,
819 2256 973 2301 soluto
993 2258 1302 2320 pat-lamento,
1322 2259 1589 2305 Londonias
1609 2278 1685 2306 rex
1705 2262 1817 2324 ipse,

426 2333 557 2393 quasi
594 2332 958 2394 quodammodo
991 2334 1078 2379 sul)
1112 2351 1254 2380 manu
1285 2346 1327 2381 et
1355 2336 1494 2382 tutela
1524 2338 1664 2399 ipsius
1690 2338 1820 2383 ducis

428 2407 623 2454 Eboraci
649 2410 826 2472 positus
843 2446 854 2467 ,
882 2427 1092 2457 reversus
1115 2422 1197 2458 est.

480 2545 515 2578 ²1.
550 2547 599 2580 Le
621 2543 693 2580 duc
714 2543 760 2581 de
781 2547 970 2582 Somerset
987 2547 1043 2582 sut
1066 2547 1128 2583 tue
1148 2549 1167 2583 a
1189 2547 1453 2594 Saint-Alban,
1474 2549 1507 2584 le
1533 2550 1581 2584 202
1602 2548 1674 2585 mai
1703 2552 1817 2594 1455,

426 2609 486 2646 et,
516 2602 665 2639 suivant
690 2603 743 2640 les
771 2603 973 2641 historiens
1001 2605 1168 2656 anglais,
1198 2605 1289 2643 dans
1316 2607 1380 2643 des
1401 2607 1675 2644 circonstances
1699 2616 1818 2644 tontes

425 2659 642 2698 differentes
659 2662 705 2698 de
724 2662 836 2699 celles
855 2676 928 2712 que
949 2673 1127 2714 rapporte
1145 2665 1304 2703 Thomas
1319 2667 1427 2703 Basin
1445 2683 1454 2713 3
1472 2681 1535 2704 car
1553 2667 1577 2703 il
1599 2667 1719 2703 aurait
1739 2667 1817 2716 peri

426 2731 472 2756 en
493 2719 696 2756 defendant
723 2720 757 2757 la
776 2721 865 2758 ville
884 2731 1014 2759 contre
1034 2722 1085 2759 les
1106 2723 1312 2761 Yorkistes.
