2037 3442
674 348 815 383 LIBER
844 347 908 392 QU
916 349 1070 383 ARTUS
1511 348 1586 383 ⁹243

194 431 348 492 operis
371 430 712 476 consummatio
745 431 987 486 sineretur,
1021 439 1065 475 et
1094 429 1154 474 ad
1190 445 1365 474 annum
1391 446 1589 491 sequen-

193 517 287 552 tem
311 508 588 553 differretur.
617 507 758 563 Quod
782 508 816 551 si
842 508 902 552 ita
931 507 1087 552 fuisset
1116 507 1398 562 factitatum,
1424 507 1588 551 verisi-

194 584 361 628 militer
390 600 484 628 non
515 583 658 627 modo
692 583 1010 637 Normanniae,
1045 582 1124 626 sed
1153 583 1291 627 etiam
1324 582 1486 627 vicinis
1518 599 1587 627 re-

195 658 412 718 gionibus
443 659 645 703 maximo
675 658 941 703 obvenisset
970 657 1269 701 detrimento.
1309 657 1399 701 Sed
1423 673 1478 702 ex
1504 657 1589 702 Dei

194 733 487 796 providentia
523 743 790 796 opportune
831 742 968 777 tantae
1004 732 1263 777 necessitati
1307 731 1587 777 subventum

195 820 279 854 est.

259 889 365 930 Erat
403 895 501 930 tum
538 887 582 930 in
622 885 879 930 ministerio
913 884 1047 945 regiae
1085 883 1256 928 domus
1290 883 1361 927 vir
1394 884 1588 944 quidam

195 962 329 1008 valde
354 963 606 1007 industrius
629 973 673 1008 et
694 962 916 1025 providus
931 997 942 1016 ‚
962 960 1164 1006 Jacobus
1186 959 1351 1004 Cordis
1375 960 1589 1005 nomina-

195 1048 284 1094 tus,
311 1039 422 1083 civis
444 1039 753 1091 Bituricensis‚
783 1055 836 1083 ex
857 1036 1041 1100 plebeio
1068 1052 1251 1097 genere,
1275 1034 1355 1080 sed
1378 1035 1588 1097 profecto

195 1113 357 1174 grandi
395 1123 438 1158 et
463 1114 556 1158 acri
581 1113 767 1174 ingenio
785 1149 796 1167 ,
826 1112 1118 1174 plurimaque
1144 1110 1282 1171 hujus
1306 1110 1458 1155 saeculi
1482 1127 1591 1173 pru-

195 1189 350 1233 dentia
371 1189 559 1233 callens.
593 1189 890 1249 Argentarius
910 1187 1061 1247 regius
1095 1188 1131 1231 is
1155 1196 1252 1231 erat
1275 1196 1321 1231 et
1346 1187 1557 1232 maximis
1575 1224 1586 1245 ,

195 1282 309 1326 quas
333 1266 412 1311 diu
439 1276 705 1312 exercuerat
728 1264 1064 1326 exercebatque
1087 1265 1343 1323 continuo,
1371 1265 1589 1325 negotia—

193 1344 398 1389 tionibus
418 1345 614 1390 multum
639 1361 720 1407 per
740 1345 900 1389 omnia
924 1343 1092 1406 opibus
1111 1343 1284 1389 ditatus
1310 1353 1354 1389 et
1389 1343 1589 1389 illustra-

194 1428 280 1464 tus.
310 1420 488 1465 Primus
511 1420 636 1465 enim
660 1421 872 1465 omnium
892 1422 1179 1464 Francorum
1200 1419 1269 1463 sui
1293 1418 1375 1463 aevi
1400 1418 1589 1480 galleas¹

193 1495 408 1541 instruxit
435 1506 479 1541 et
502 1497 723 1554 armavit,
751 1512 854 1558 quae
882 1505 1178 1558 exportantes
1213 1511 1395 1557 pannos
1430 1495 1590 1540 laneos

193 1582 236 1617 et
254 1572 341 1617 alia
362 1572 599 1618 artificiata
617 1590 668 1618 ex
692 1589 836 1633 regno
855 1589 938 1635 per
955 1573 1115 1617 Africae
1132 1580 1177 1616 et
1198 1571 1398 1616 Orientis
1414 1570 1586 1628 littora,

193 1664 341 1710 usque
360 1648 418 1693 ad
445 1648 767 1694 Alexandriam
787 1649 971 1711 AEgypti
994 1648 1290 1708 navigarent,
1317 1656 1361 1691 et
1380 1646 1490 1692 inde
1514 1663 1590 1691 va-

194 1725 288 1770 rios
319 1741 503 1788 pannos
540 1725 599 1770 de
624 1726 798 1782 serico,
826 1734 870 1769 et
894 1724 953 1769 de
987 1724 1117 1769 omni
1152 1724 1291 1768 etiam
1324 1732 1589 1767 aromatum

195 1817 383 1863 genere,
409 1802 529 1846 intra
555 1800 832 1846 Rhodanum
859 1799 1160 1857 reveherent3
1190 1815 1292 1861 quae
1314 1814 1411 1843 non
1444 1797 1590 1843 modo

195 1893 277 1938 per
295 1877 514 1935 Galliam,
540 1876 620 1921 sed
638 1893 721 1939 per
738 1877 1027 1922 Cataloniarn
1051 1887 1096 1921 et
1121 1875 1385 1939 provincias
1416 1875 1590 1921 vicinas

197 1963 354 2014 postea
394 1953 704 1998 funderentur
720 1989 730 2009 ,
770 1969 930 1998 earum
962 1952 1123 1997 usibus
1163 1952 1433 2015 profuturae.
1473 1954 1590 1997 Nam

198 2045 280 2090 per
311 2039 415 2073 ante
434 2064 444 2084 ,
471 2045 579 2074 cum
611 2029 657 2074 id
689 2029 831 2090 longo
865 2046 963 2074 aevo
996 2028 1096 2074 fieri
1127 2028 1284 2073 fuisset
1318 2027 1585 2085 insolitum,

199 2120 293 2148 non
320 2105 405 2148 nisi
427 2105 621 2149 aliarum
646 2106 851 2165 gentium
887 2106 1170 2161 ministerio,
1200 2114 1248 2149 ut
1274 2106 1585 2160 Venetorum,

197 2197 277 2225 seu
306 2181 609 2225 Januensium
633 2191 711 2226 aut
735 2182 1151 2228 Barcinonensium
1173 2219 1184 2239 ,
1217 2198 1288 2227 res
1316 2181 1589 2242 hujusmodi

198 2257 243 2301 iu
281 2256 428 2301 Gallia
462 2256 769 2302 habebantur.
804 2262 897 2304 Hac
922 2259 1078 2320 itaque
1104 2257 1279 2304 navalis
1310 2257 1588 2319 negotiatio-

198 2332 267 2376 nis
303 2331 556 2390 industria,
595 2333 805 2378 maximis
837 2334 1006 2396 opibus
1043 2334 1168 2379 idem
1202 2332 1403 2379 Jacobus
1428 2342 1591 2379 auctus

197 2408 344 2453 fuerat
362 2419 407 2453 et
423 2410 686 2471 insignitus.
700 2409 778 2454 Cui
802 2410 866 2454 rei
887 2410 1133 2471 magnifica
1149 2410 1225 2455 illa
1242 2410 1427 2468 domus,
1448 2425 1589 2471 quam

197 2486 243 2529 in
267 2501 349 2530 sua
371 2486 554 2532 civitate
582 2486 784 2531 breviter
806 2487 1088 2543 construxit,
1116 2486 1480 2531 luculentissime
1506 2485 1590 2531 acl-

198 2561 444 2624 stipulatur
463 2564 502 2616 ²3
531 2578 633 2623 quae
660 2562 869 2625 profecto
894 2572 989 2608 tam
1016 2561 1262 2623 magnifica
1285 2571 1329 2606 et
1351 2562 1490 2608 tantis
1514 2579 1592 2607 or-

252 2740 287 2773 1.
320 2741 392 2774 Des
413 2738 556 2788 galeres
577 2737 736 2786 (galle‘es
756 2751 801 2774 en
826 2737 939 2774 vieux
960 2737 1160 2786 francais).

251 2799 286 2832 2.
319 2796 571 2843 Aujourd'hui
594 2796 711 2846 palais
729 2796 775 2834 de
794 2796 929 2843 justice
950 2805 984 2834 et
1005 2797 1106 2834 hotel
1126 2796 1173 2833 de
1195 2796 1283 2834 ville
1303 2795 1349 2834 de
1370 2799 1555 2847 Bourges„
