2037 3442
848 232 866 246 l

720 306 860 344 LIBER
889 306 1115 355 QUINTUS.
1546 307 1620 342 283

232 388 443 451 phinatu,
470 388 714 453 ubiprope
728 392 1103 454 quinquennium
1126 391 1220 453 jam
1241 391 1538 447 remoratus¹,
1563 389 1621 434 ad

231 474 437 526 patrem,
468 465 574 510 licet
595 482 700 511 eum
725 467 897 529 pluries
927 468 985 513 ad
1010 485 1057 513 se
1084 477 1134 512 ut
1160 476 1467 513 reverteretur
1489 482 1624 510 com-

232 542 514 599 monuisset,
562 543 753 588 minime
793 545 967 588 curavit
1006 544 1245 589 accedere.
1291 546 1342 587 ln
1384 558 1477 604 quo
1511 551 1625 586 tcm-

232 635 401 680 porum
441 618 665 677 decursu,
706 619 853 664 inulta
888 621 995 664 satis
1032 629 1157 664 certe
1195 620 1336 680 impia
1371 629 1415 663 et
1454 617 1626 662 nefaria

231 703 538 756 perpetrarat.
565 695 792 740 Defuncta
827 711 996 757 nempe
1022 709 1104 739 sua
1134 695 1291 756 priore
1324 709 1468 738 uxore
1485 731 1497 748 ‚
1525 709 1627 754 quae

232 770 320 815 sibi
349 771 502 816 adhuc
534 771 817 817 adolescenti
847 781 995 834 nupta
1022 771 1196 829 fuerat,
1232 771 1480 814 Scotorum
1511 769 1629 830 regis

233 845 366 902 filia2,
404 846 579 909 absque
611 847 728 891 scitu
756 855 800 891 et
827 862 1061 892 consensu
1096 845 1240 908 patris
1279 845 1326 889 in
1365 843 1493 888 dicto
1524 843 1629 888 del-

232 922 428 984 phinatu
452 923 697 982 exsistens,
726 922 868 967 filiam
893 922 1024 967 ducis
1044 921 1289 967 Sabaudiae
1316 921 1361 965 in
1387 920 1629 966 matrimo—

234 999 364 1045 nium
404 1001 697 1064 assumpsit³‚
734 999 850 1044 nihil
889 999 947 1044 de
983 1008 1182 1062 paterno
1219 997 1446 1060 imperio,
1482 996 1555 1041 vel
1590 997 1632 1041 ei

233 1075 390 1121 debita
420 1077 676 1122 reverentia
710 1092 764 1121 ac
799 1075 1094 1133 obedientia,
1133 1084 1213 1120 aut
1249 1075 1442 1119 minime
1470 1088 1632 1119 curare

233 1168 280 1195 se
304 1151 534 1197 indicans,
559 1155 711 1207 Quam
743 1168 851 1196 cum
877 1151 1156 1214 accepisset,
1184 1167 1281 1196 non
1309 1150 1448 1212 longe
1472 1159 1635 1213 postea

232 1227 417 1289 qualem
452 1228 704 1274 amicitiam
737 1228 863 1291 apud
895 1244 943 1273 se
976 1227 1101 1272 idem
1136 1227 1231 1272 dux
1265 1226 1508 1272 Sabaudiae
1545 1243 1633 1288 pro

236 1303 313 1348 tali
339 1303 565 1350 affinitate
591 1305 870 1362 invenisset,
898 1304 986 1350 sibi
1009 1304 1231 1350 ostendit.
1268 1304 1482 1350 Conticta
1507 1304 1635 1349 enim

232 1380 422 1441 querela
446 1381 651 1443 quadam
683 1398 802 1427 vana
832 1397 884 1426 ac
909 1381 1074 1426 frivola
1094 1384 1123 1441 ¹⁶,
1155 1381 1288 1442 cujus
1318 1380 1514 1426 obtentu
1538 1381 1636 1443 ipse

234 1467 277 1502 ct
298 1457 516 1503 satellites
536 1459 629 1516 sui,
659 1458 718 1503 ad
743 1474 863 1520 quos
881 1457 1077 1503 alendos
1098 1458 1289 1502 minime
1303 1466 1488 1520 poterat
1506 1455 1638 1501 suffi-

233 1550 339 1579 cere
368 1534 692 1597 delphinatus,
729 1534 907 1597 praedas
941 1549 1076 1595 agere
1110 1543 1332 1596 possent,
1359 1549 1445 1579 suo
1472 1549 1661 1589 socerov

235 1625 450 1671 guerram
484 1610 667 1665 intulit,
707 1611 754 1654 in
787 1625 882 1672 qua
913 1609 1044 1655 villas
1068 1608 1298 1671 quasdam
1330 1618 1375 1654 et
1413 1608 1639 1672 oppidula

234 1685 478 1731 Sabaudiae
503 1686 670 1749 praedae
705 1696 750 1732 et
785 1686 1038 1750 direptioni
1063 1685 1337 1731 satellitibus
1370 1685 1464 1730 suis
1497 1702 1640 1748 expo-

236 1765 342 1810 suit.
370 1767 457 1809 Pro
482 1781 575 1827 qua
597 1764 805 1809 sedanda
826 1774 894 1821 et,
921 1765 968 1809 in
993 1764 1128 1809 eum⁵
1152 1779 1209 1808 ne
1233 1762 1467 1808 deteriora
1490 1771 1641 1810 atten-

238 1851 380 1901 taret,
405 1841 761 1897 submovenda,
798 1841 924 1886 idem
961 1857 1094 1886 socer
1116 1841 1256 1886 etiam
1290 1855 1458 1901 magna
1495 1856 1641 1902 pecu-

240 1918 325 1962 niae
348 1919 608 1980 quantitate
631 1935 730 1964 sese
753 1918 1002 1977 redimere,
1030 1928 1080 1963 ut
1104 1917 1358 1974 ferebatur,
1384 1915 1642 1962 consultius

238 1996 494 2041 aestimavit.

303 2074 394 2119 Sed
419 2084 463 2119 et
485 2074 532 2118 in
557 2073 688 2119 terris
708 2073 871 2118 vicinis
892 2075 1111 2117 Romanae
1136 2071 1363 2126 ecclesiae,
1388 2070 1509 2115 circa
1526 2072 1641 2115 Ave-

240 2152 457 2208 nionem⁷
493 2166 663 2214 magna
696 2149 977 2195 detrimenta
1011 2149 1173 2195 fecisse
1218 2148 1481 2194 dicebaturG
1516 2165 1525 2191 :
1556 2162 1643 2192 nec

295 2303 331 2339 ’1.
364 2300 394 2336 Il
420 2313 445 2349 y
469 2299 559 2336 etait
585 2299 717 2349 depuis
744 2299 778 2336 16
807 2308 1131 2336 commencement
1158 2299 1205 2336 de
1234 2297 1384 2335 l'annee
1415 2298 1532 2335 1447.

295 2361 332 2396 2.
365 2358 594 2409 Marguerite
615 2352 788 2395 d’Faeosse
802 2387 811 2402 ‚
835 2366 955 2395 morte
975 2372 1021 2395 en
1045 2361 1162 2398 1445,

298 2420 333 2456 3.
367 2418 556 2455 Charlotte
576 2417 621 2454 de
642 2419 793 2456 Savoie.
815 2418 845 2454 Il
866 2418 1035 2468 l’cpousa
1054 2418 1090 2455 le
1112 2420 1160 2454 10
1179 2430 1279 2454 mars
1301 2419 1418 2456 1451.

297 2478 334 2512 4.
366 2477 396 2512 11
416 2475 599 2526 s'agissait
620 2476 665 2513 de
685 2477 722 2514 la
746 2477 961 2527 possession
988 2477 1039 2514 du
1061 2477 1255 2529 Fancigny
1270 2508 1279 2524 ,
1302 2476 1368 2526 qui
1398 2483 1497 2513 resta
1517 2473 1646 2512 defini-

246 2536 426 2573 tivement
450 2549 497 2572 au
523 2535 704 2585 dauphin.
737 2538 839 2573 Cette
859 2537 989 2573 affaire
1012 2549 1051 2573 se
1071 2549 1181 2586 passa
1202 2549 1248 2572 en
1274 2537 1389 2573 1454.

298 2598 334 2632 5.
367 2598 468 2631 Dans
488 2594 522 2630 16
542 2594 768 2641 manuscrit,
791 2596 960 2630 sedanda
980 2604 1015 2630 ec
1038 2608 1119 2630 eam
1140 2608 1186 2630 ne
1205 2596 1406 2632 deteriora.

299 2657 335 2692 (3.
373 2658 425 2691 Le
446 2668 540 2705 pape
559 2655 713 2705 Eugene
734 2657 800 2700 IV,
821 2668 889 2705 par
903 2653 1008 2690 buile
1028 2653 1078 2690 du
1097 2655 1145 2690 26
1166 2653 1240 2689 mai
1261 2656 1362 2690 1445
1376 2682 1385 2699 ,
1402 2652 1534 2689 l’avait
1550 2664 1647 2688 con-

245 2714 354 2751 stitue
386 2723 603 2764 protecteur
626 2714 676 2751 du
704 2722 843 2750 comtat
863 2712 1073 2751 Venaissin.
1105 2712 1135 2750 Il
1163 2712 1301 2763 poriait
1323 2711 1457 2762 depuis
1481 2712 1582 2748 1444
1612 2710 1647 2747 16

247 2775 332 2811 titre
355 2773 400 2809 de
424 2773 697 2810 Gonfalonnier
730 2773 777 2809 de
808 2765 975 2823 I'Eglise.
