2037 3442
433 292 508 335 1843
805 290 1143 330 HISTORIARUM,
1170 291 1348 327 CAROLI
1376 294 1443 327 VII

432 372 667 434 quitantes
691 372 814 425 enim
838 371 904 415 illi
921 374 1212 424 Francorum
1238 372 1405 424 milites
1428 373 1547 419 infra
1570 375 1738 424 limites
1761 376 1828 426 di-

430 448 570 493 tionis
598 447 855 508 Anglorum
872 484 883 505 ,
912 446 1197 508 plurimique
1219 446 1435 508 brigandi
1469 465 1548 497 seu
1583 450 1831 501 latrunculi

430 523 622 569 insidias
657 522 901 568 tendentes
931 523 1157 585 Anglicis,
1184 523 1221 568 si
1246 540 1366 586 quos
1389 540 1444 570 ex
1468 526 1576 589 ipsis
1600 543 1683 590 per
1701 527 1830 573 villas

430 610 476 645 et
497 616 633 662 agros
652 599 818 646 obvios
841 599 1141 657 habuissent,
1165 599 1264 645 sine
1287 600 1381 647 ulla
1403 602 1701 651 miseratione
1730 603 1831 652 vic-

431 677 679 724 timabant.
717 677 928 734 Querelce
952 677 1332 741 deponebantur,
1361 687 1456 724 tarn
1494 696 1547 724 ex
1571 697 1666 728 una
1688 697 1830 743 quam

431 757 576 803 altera
601 755 834 820 partibus,
856 772 1018 802 coram
1042 756 1453 805 conservatoribus
1474 756 1596 805 ultro
1620 758 1830 819 citroque

430 832 489 879 ad
528 833 721 879 tutelam
755 843 799 879 et
831 833 1242 878 conservationem
1272 842 1543 894 treugarum
1580 832 1826 895 deputatis.

431 910 523 966 Qui
565 910 673 956 licet
712 910 951 957 interdum
995 910 1042 955 in
1087 909 1245 955 locum
1300 926 1449 955 unum
1489 909 1828 969 convenirent,

430 985 558 1035 nulla
584 996 740 1032 tamen
766 985 910 1032 ferme
941 1001 1155 1048 unquam
1187 1002 1275 1049 pro
1304 985 1577 1047 hujusmodi
1600 986 1834 1041 attentatis

431 1063 661 1126 reparatio
683 1061 965 1110 habebatur.

906 1213 1247 1260 CAPITULUM
1282 1215 1358 1258 IX„

478 1322 529 1355 De
545 1321 646 1355 variis
662 1321 894 1366 legationibus
913 1330 945 1355 et
962 1322 1193 1355 conventibus
1211 1334 1276 1367 pro
1296 1333 1380 1367 pace
1394 1321 1538 1362 habitis;
1560 1328 1593 1354 et
1606 1319 1785 1366 quomodo

530 1381 745 1414 Francorum
761 1393 821 1414 rex
842 1380 1025 1414 obsidione
1043 1381 1215 1416 civitatem
1233 1382 1557 1416 Cenomannensem
1573 1380 1738 1414 obtinuit.

495 1475 760 1521 Currebant
792 1485 949 1522 tamen
980 1485 1152 1539 treugae
1176 1487 1222 1522 et
1247 1476 1483 1523 durabant
1515 1477 1695 1522 statutis
1719 1486 1834 1521 tem-

429 1553 642 1616 poribus
670 1556 727 1598 Et
750 1553 861 1616 ipsis
880 1553 1074 1616 quidem
1101 1553 1421 1612 currentibus,
1449 1552 1597 1598 habiti
1619 1562 1726 1598 sunt
1750 1569 1834 1616 per

430 1629 629 1692 legatOS,
659 1629 806 1675 modo
837 1630 885 1674 in
922 1630 1133 1691 Angliam
1163 1647 1189 1676 a
1215 1634 1502 1676 Francorum
1525 1646 1656 1692 rege,
1686 1629 1831 1674 modo

431 1707 478 1751 in
498 1706 742 1751 Franciam
758 1706 818 1751 ab
839 1706 1097 1768 Anglorum
1113 1707 1370 1753 destinatos
1391 1724 1513 1769 rege,
1541 1707 1697 1770 plures
1720 1723 1833 1751 con-

431 1795 601 1829 ventus
630 1792 948 1845 tractatusque
984 1783 1042 1828 de
1073 1800 1216 1846 pace;
1250 1784 1332 1829 sed
1362 1783 1590 1829 ambabus
1625 1783 1834 1847 partibus

432 1877 537 1906 suas
553 1860 866 1906 extremitates
882 1860 1183 1923 pertinaciter
1199 1860 1528 1917 retinentibus,
1546 1860 1606 1906 ad
1625 1860 1835 1906 medium

433 1938 560 2000 pacis
573 1937 803 2001 perveniri
823 1953 921 1981 non
943 1937 1112 2000 potuit.
1132 1940 1197 1981 Ex
1215 1948 1345 2001 parte
1358 1938 1529 1996 Caroli⁷
1547 1941 1835 1982 Francorum

433 2015 570 2076 regis,
603 2015 652 2059 in
683 2015 894 2077 Angliam
916 2015 1043 2060 missi
1074 2015 1261 2060 suerunt
1283 2015 1425 2061 semel
1452 2014 1836 2078 archiepiscopus

435 2092 673 2137 Remensis
694 2102 739 2137 et
762 2093 1011 2156 episcopus
1026 2093 1350 2150 Nannetensis,
1368 2092 1556 2137 illustris
1577 2092 1831 2150 Johannes,

434 2185 593 2214 comes
615 2170 867 2228 Dunensis,
893 2179 938 2214 et
958 2169 1181 2214 dominus
1203 2168 1264 2214 de
1288 2169 1565 2232 Pressigm'¹‚
1582 2169 1680 2231 qui,
1704 2177 1837 2214 vete-

434 2263 576 2292 ranus
600 2246 731 2292 miles
750 2281 763 2302 ‚
792 2257 892 2292 tum
926 2263 1046 2291 unus
1077 2263 1131 2291 ex
1159 2245 1444 2308 primoribus
1474 2246 1522 2290 in
1554 2245 1728 2308 palatio
1757 2261 1837 2290 seu

435 2323 542 2370 aula
564 2324 684 2386 regis
707 2323 969 2370 habebatur
986 2326 1016 2369 ².
1047 2327 1102 2368 Et
1124 2322 1175 2367 hi
1199 2323 1394 2386 quidem
1426 2339 1618 2369 emenso
1643 2323 1760 2369 mari
1787 2323 1836 2367 in

489 2462 526 2496 1.
552 2459 736 2498 Bertrand
756 2459 802 2496 de
822 2462 1015 2506 Beauvau,
1039 2458 1139 2497 alors
1158 2458 1264 2497 bailli
1285 2458 1330 2496 de
1350 2459 1552 2497 Touraine.

490 2520 527 2555 2.
554 2522 734 2556 L’auteur
753 2518 919 2556 confond
942 2519 976 2556 le
1002 2519 1204 2569 personnel
1226 2518 1272 2555 de
1296 2518 1485 2568 plusieurs
1510 2517 1750 2556 ambassades
1774 2514 1839 2565 qui

438 2585 572 2615 eurent
591 2578 667 2614 lieu
687 2591 785 2627 pour
803 2578 838 2614 le
861 2581 983 2616 meme
1005 2577 1120 2624 objet.
1151 2578 1296 2614 Dunois
1316 2577 1373 2613 sut
1396 2579 1543 2626 envoy&
1576 2577 1675 2614 deux
1698 2576 1767 2613 fois
1792 2587 1839 2611 en

439 2634 662 2683 Angleterre
683 2651 691 2670 t
717 2635 876 2673 d⁷abord
895 2650 945 2674 au
965 2637 1061 2675 mois
1090 2637 1138 2673 de
1162 2636 1312 2683 janvier
1336 2638 1463 2682 1444,
1485 2650 1577 2673 avec
1598 2637 1632 2674 le
1652 2644 1772 2673 comte
1792 2632 1840 2669 de

439 2691 635 2730 Vendeme
651 2724 661 2740 ‚
683 2694 952 2747 l'archeveque
970 2697 1017 2734 de
1036 2697 1197 2743 vienne,
1215 2696 1400 2734 Bertrand
1421 2697 1467 2734 de
1487 2700 1667 2735 Beauvau
1681 2726 1691 2743 ‚
1711 2695 1839 2733 Pierre

440 2752 487 2791 de
511 2753 641 2798 Breze,
664 2755 880 2795 Guillaume
899 2766 936 2795 et
954 2761 973 2794 J
978 2770 1117 2808 aeques
1135 2761 1155 2794 J
1160 2757 1324 2795 ouvenel
1344 2757 1411 2796 des
1430 2757 1578 2803 Ursins,
1599 2754 1756 2795 celui-ci
1774 2766 1839 2791 ar-
