2037 3442
404 316 479 351 27⁶2
777 312 1112 348 HISTORIARUM
1141 312 1319 346 CAROLI
1348 313 1416 346 VII

403 392 730 455 linquendum.
774 391 915 446 Quod
952 400 1109 436 tamen
1145 393 1257 437 novi
1292 392 1528 454 impositio
1560 392 1796 452 vectigalis

405 486 482 514 seu
523 466 711 528 gabellae
743 467 848 512 salis
880 482 1069 511 causam
1104 467 1375 528 hujusmodi
1400 466 1578 511 dissidii
1607 467 1796 512 minime

404 543 682 609 praestiterit,
709 558 762 586 ex
782 542 970 587 duobus
995 542 1250 605 probabilis
1273 543 1425 589 afferri
1444 551 1593 604 potest
1611 541 1798 602 conjec-

404 631 506 666 tura
528 636 537 665 :
560 635 656 665 uno
676 654 686 675 ,
713 618 843 679 quod
864 619 963 681 ipse
993 619 1256 682 Philippus,
1287 619 1503 665 confecto
1524 617 1799 679 hujusmodi

404 696 552 754 bello,
584 695 776 740 victoria
810 694 1019 757 plenaria
1045 697 1220 759 potitus
1238 732 1248 752 ‚
1277 697 1338 741 ita
1369 705 1419 739 ut
1444 695 1582 740 etiam
1611 693 1794 738 Ganda-

404 789 515 817 vum
541 770 809 816 exstinxisse
835 769 967 815 facile
990 772 1238 833 potuisset,
1266 771 1301 815 si
1327 771 1368 815 ei
1387 770 1692 826 collibuisset,
1714 785 1799 814 nec

405 851 513 913 ipsis
533 849 878 904 Gaudensibus‚
901 866 1054 912 neque
1071 850 1171 895 aliis
1185 850 1410 896 Flandriae
1425 849 1608 913 populis
1622 847 1800 893 dictum

406 926 599 989 vectigal
631 926 910 989 imposuisse
948 926 1212 984 invenitur3
1255 927 1430 983 altero,
1463 926 1599 987 quia,
1636 926 1673 970 si
1713 940 1799 987 pro

405 1003 649 1049 communi
672 1003 814 1047 totius
838 1001 1062 1047 Flandriae
1086 1002 1259 1048 tuenda
1292 1002 1504 1048 libertate
1527 1000 1801 1063 hujusmodi

406 1079 714 1141 suscepissent
760 1077 962 1131 bellum,
1011 1079 1259 1124 verisimile
1306 1088 1376 1124 est
1426 1078 1556 1141 quod
1601 1078 1800 1122 aliorum

406 1157 693 1218 oppidorum
724 1164 768 1199 et
805 1155 1091 1217 populorum
1130 1155 1309 1200 favores
1344 1164 1482 1216 atque
1521 1154 1689 1199 auxilia
1719 1153 1800 1198 ha-

405 1230 638 1286 buissent,
675 1240 721 1275 et
751 1230 880 1291 quod
903 1267 912 1286 ‚
947 1247 1033 1293 pro
1058 1230 1403 1276 contribulibus
1430 1241 1473 1275 et
1496 1231 1655 1275 vicinis
1684 1229 1803 1274 mili—

406 1307 551 1352 tando
568 1323 761 1368 seseque
781 1316 989 1351 extremo
1014 1317 1302 1370 exponentes
1331 1324 1415 1369 pro
1443 1307 1551 1369 ipsis
1573 1305 1797 1369 periculo,

406 1382 465 1427 ab
498 1384 562 1428 eis
601 1383 771 1428 deserti
813 1394 855 1428 et
889 1384 974 1428 soli
1004 1384 1149 1429 relicti
1185 1401 1282 1429 non
1328 1383 1543 1439 fuissent,
1580 1383 1804 1445 quemad-

406 1458 604 1503 modum
628 1475 788 1504 revera
807 1460 932 1522 ipsos
956 1460 1080 1505 solos
1107 1460 1293 1506 relictos
1317 1470 1361 1505 et
1385 1460 1583 1505 aliorum
1606 1460 1804 1522 oppido-

407 1552 514 1580 rum
536 1535 717 1580 auxiliis
739 1535 985 1581 destitutos
1012 1537 1149 1581 fuisse
1173 1546 1357 1582 constat
1375 1540 1401 1581 ¹.

474 1613 654 1656 Utravis
675 1621 829 1656 tamen
846 1628 986 1657 causa
1000 1613 1239 1668 exstiterit,
1263 1622 1446 1658 constat
1464 1612 1804 1657 atrocissimum

407 1687 854 1750 acerbissimumque
895 1688 1070 1734 bellum
1102 1689 1325 1734 obortum
1358 1690 1496 1734 fuisse
1527 1690 1647 1733 iuter
1677 1688 1803 1750 ipsos

409 1774 454 1808 et
492 1764 732 1826 praesatum
766 1765 1029 1827 principem
1062 1782 1216 1810 suum.
1255 1768 1368 1810 Nam
1396 1765 1482 1827 ipsi
1518 1765 1638 1808 intra
1666 1779 1802 1808 suum

410 1839 694 1885 advocantes
724 1841 956 1903 oppidum
986 1851 1102 1903 quot
1125 1851 1343 1904 poterant
1371 1841 1494 1886 bello
1526 1841 1724 1886 idoneos
1760 1849 1804 1884 et
1850 1842 1854 1845 ’

412 1925 598 1977 vegetos
620 1932 821 1978 corpore
852 1934 904 1962 ex
931 1917 1097 1962 vicinis
1117 1918 1237 1978 agris
1261 1927 1304 1962 et
1325 1917 1468 1973 villis,
1495 1934 1602 1962 cum
1626 1917 1804 1978 magnis

409 1992 672 2053 agminibus
700 1992 912 2055 peditum
939 1994 1137 2055 (equites
1161 1995 1287 2039 enim
1315 1993 1553 2038 habebant
1576 1994 1802 2055 paucos),

409 2068 609 2130 patriam
645 2067 733 2113 hac
772 2078 815 2113 et
851 2068 955 2114 illac
994 2079 1324 2131 pervagantes,
1364 2079 1407 2113 et
1442 2069 1628 2132 rapinas
1666 2078 1805 2130 atque

410 2142 590 2205 praedas
615 2152 820 2205 agentes,
850 2153 1078 2188 suammet
1102 2144 1188 2206 ipsi
1212 2144 1409 2206 patriam
1435 2143 1638 2189 caedibus
1665 2153 1805 2206 atque

411 2218 639 2263 incendiis
659 2219 963 2264 devastabant
986 2238 994 2264 :
1022 2220 1081 2265 ita
1099 2220 1252 2282 quod,
1274 2220 1432 2283 paucis
1449 2219 1656 2265 decursis
1673 2236 1806 2264 men-

411 2295 557 2355 sibus,
583 2296 644 2342 ad
667 2298 875 2359 quinque
900 2307 945 2342 et
968 2313 1044 2342 sex
1067 2297 1281 2343 milliaria
1304 2297 1374 2343 vel
1399 2297 1616 2361 amplius,
1640 2306 1733 2342 tam
1758 2297 1803 2341 in

467 2461 504 2497 1.
535 2461 602 2496 Ces
623 2459 766 2496 raisons
786 2459 997 2510 specienses
1018 2459 1187 2497 tombent
1206 2460 1343 2497 devant
1362 2462 1416 2498 les
1444 2460 1678 2498 documents.
1705 2462 1806 2497 Nous

413 2530 530 2554 avons
557 2517 590 2553 le
619 2517 789 2555 discours
814 2520 1006 2569 prononce
1032 2532 1098 2570 par
1123 2520 1158 2556 le
1182 2519 1255 2556 duc
1279 2519 1325 2556 de
1352 2523 1577 2571 Bourgogne
1605 2520 1806 2556 lui-meme

414 2577 434 2611 a
460 2575 693 2613 l‘assemblce
719 2577 765 2614 (le
797 2578 834 2615 la
864 2581 1007 2615 Collace
1027 2592 1124 2628 pour
1153 2592 1307 2616 amener
1336 2580 1388 2616 les
1420 2580 1576 2617 Gantois
1601 2582 1621 2616 a
1649 2593 1688 2617 se
1714 2594 1805 2616 sou-

415 2642 547 2671 mettre
567 2636 585 2670 ἓι
609 2635 643 2671 la
661 2635 821 2685 gabelle.
850 2638 938 2674 Voir
957 2638 992 2675 le
1012 2638 1187 2687 Dagboelr
1208 2640 1274 2674 der
1293 2641 1468 2675 Gentsclze
1486 2641 1632 2674 collatte
1647 2668 1656 2685 ‚
1678 2638 1805 2688 publie

415 2705 484 2742 par
498 2695 549 2728 M.
571 2693 748 2743 Schayes,
771 2703 805 2731 et
826 2695 861 2732 le
881 2696 973 2733 re'cit
991 2696 1038 2734 de
1056 2699 1109 2736 Μ.
1131 2699 1289 2746 Kervyn
1309 2696 1356 2734 de
1377 2696 1628 2744 Lettenhove,
1648 2700 1806 2733 Histoire

415 2753 462 2787 de
478 2753 662 2787 Flamlres
675 2779 685 2797 ,
707 2752 733 2787 l.
754 2755 856 2790 XVI.
