2037 3442
410 264 484 299 248
785 262 1118 297 HISTORIARUM
1148 262 1325 296 CAROLI
1353 263 1421 297 VII

410 335 660 398 putabant,
704 338 990 378 Francorum
1029 332 1107 376 illo
1142 333 1435 376 adventasset
1471 335 1719 391 exercitus,
1755 336 1799 378 in

412 410 618 470 Angliam
658 418 950 453 revexerunt.
995 408 1085 452 Sed
1123 408 1347 470 quoniam
1392 408 1477 470 ipsi
1520 410 1804 454 Francorum

411 486 506 546 regi
528 494 769 547 suspectus
796 483 1181 545 Burgundionum
1203 484 1296 529 dux
1318 499 1500 545 semper
1522 483 1802 543 habebatur,

411 578 514 606 eam
539 578 639 606 rem
663 560 849 622 aggredi
875 560 1067 604 minime
1093 560 1352 605 attentavit.
1380 559 1589 605 Habebat
1615 559 1805 622 quidem

411 654 519 682 cum
554 653 610 682 eo
647 653 834 699 pacem,
874 636 933 680 de
969 651 1060 697 qua
1100 636 1146 680 in
1185 635 1505 698 superioribus
1540 636 1803 689 retulimus,

411 729 575 775 quam,
613 721 845 775 superstes
880 712 927 756 in
971 712 1190 757 humanis
1236 712 1463 773 quamdiu
1505 711 1610 770 fuit,
1652 722 1807 775 aperta

414 790 750 852 manifestaque
780 799 973 852 ruptura
1008 804 1252 850 nunquam
1290 788 1506 843 violavit3
1546 789 1627 833 sed
1663 789 1810 850 qualis

413 866 679 910 animorum
721 864 975 910 concordia
1020 880 1261 925 nexusque
1306 864 1448 921 foret,
1498 864 1655 909 multis
1700 881 1809 910 sane

412 943 520 986 satis
543 951 758 986 constare
779 941 931 1003 potuit
954 941 1257 1002 argumentis.

480 1017 636 1077 Igitur,
661 1017 921 1061 intermissa
937 1016 1123 1061 interim
1141 1016 1252 1060 dicti
1270 1016 1430 1079 oppidi
1448 1016 1806 1079 expugnatione,

414 1094 544 1155 quod
577 1103 673 1138 tota
708 1093 893 1154 Anglica
927 1093 1080 1148 natio,
1112 1109 1204 1155 prae
1234 1094 1409 1138 caeteris
1438 1092 1680 1151 omnibus,
1709 1092 1813 1138 cha-

415 1171 649 1215 rissimum
688 1186 871 1232 semper
912 1179 956 1214 et
995 1169 1175 1229 magnis
1221 1168 1466 1213 defensum
1513 1169 1814 1214 munimentis

415 1247 729 1308 praesidiisque
773 1245 936 1290 fultum
983 1244 1262 1290 militaribus
1303 1244 1639 1290 studiosissime
1669 1261 1813 1290 asser-

415 1331 510 1380 vat,
552 1321 759 1366 hibernis
790 1320 1028 1365 mensibus
1057 1320 1252 1378 exactis,
1283 1323 1569 1366 Francorum
1601 1337 1676 1366 rex
1707 1325 1816 1366 Bur-

416 1397 627 1459 degalam
659 1407 704 1442 et
740 1397 978 1441 Vaseoniae
1017 1406 1189 1454 terras,
1237 1413 1353 1459 quas
1393 1398 1649 1459 Anglorum
1688 1414 1817 1458 reges

417 1474 672 1519 inveterata
691 1473 786 1534 jam
811 1473 1105 1535 possessione
1135 1482 1404 1530 tenuerant,
1436 1483 1481 1517 et
1504 1489 1644 1535 supra
1667 1489 1816 1518 anno-

418 1568 521 1596 rum
574 1551 887 1596 ducentorum
939 1559 984 1594 et
1034 1549 1344 1611 quadraginta
1395 1550 1622 1612 spatium,
1678 1549 1818 1594 armis

419 1627 609 1688 aggredi
635 1636 680 1672 et
704 1626 763 1672 ab
788 1626 899 1688 ipsis
923 1625 1103 1670 auferre
1124 1625 1322 1686 Anglicis
1345 1626 1599 1670 constituit.
1630 1627 1684 1670 Et
1708 1625 1818 1685 quia

419 1719 504 1765 per
551 1702 851 1763 semetipsum
896 1715 1065 1760 magna
1110 1715 1165 1744 ex
1204 1709 1334 1761 parte
1380 1709 1654 1762 praesentem
1707 1702 1818 1744 Nor-

420 1778 637 1823 mannica
683 1777 903 1822 adversus
948 1775 1141 1820 eosdem
1181 1775 1414 1838 expeditio
1458 1775 1631 1820 directa
1677 1774 1817 1819 felici-

420 1864 582 1916 terque
631 1861 957 1897 consummata
997 1851 1146 1895 fuerat
1187 1850 1472 1911 (ministerio
1519 1860 1673 1895 tamen
1720 1850 1819 1912 plu-

421 1931 593 1975 rimum
615 1929 802 1974 illustris
825 1928 1010 1973 comitis
1036 1927 1268 1972 Dunensis
1283 1962 1294 1981 ‚
1319 1928 1397 1989 qui
1424 1936 1666 1971 exsecutor
1688 1943 1820 1988 paene

425 2007 597 2068 ubique
623 2005 844 2063 idoneus,
878 2004 1074 2050 consilio
1104 2020 1241 2066 sagax
1263 2020 1317 2049 ac
1337 2004 1587 2067 providus,
1614 2013 1751 2066 atque
1772 2005 1819 2048 in

423 2085 686 2129 interventu
733 2092 949 2127 strenuus
1000 2098 1185 2144 semper
1231 2081 1378 2127 fuerat
1423 2081 1816 2144 comprobatus),

422 2160 585 2205 volens
611 2160 749 2204 etiam
782 2168 962 2222 partam
991 2167 1035 2202 et
1060 2167 1382 2220 recuperatam
1414 2159 1562 2221 ipsam
1597 2161 1822 2204 Norman-

424 2237 551 2281 niam
574 2252 658 2299 per
683 2252 730 2280 se
759 2235 900 2280 tutari
924 2250 977 2279 ac
1007 2233 1281 2289 defendere,
1312 2235 1349 2279 si
1378 2234 1535 2280 hostes
1569 2236 1663 2296 (uti
1681 2235 1821 2296 vulgo

424 2312 632 2357 futurum
647 2310 937 2372 jactabatur)
959 2311 1105 2372 ipsam
1125 2310 1292 2354 iterum
1314 2310 1495 2372 ingredi
1510 2327 1590 2356 seu
1608 2311 1823 2356 infestare

423 2397 711 2448 satagerent,
739 2386 1087 2449 expeditionem
1118 2386 1439 2447 Aquitanicam
1467 2396 1630 2432 contra
1653 2386 1823 2448 Anglos

424 2475 469 2509 et
507 2468 763 2519 Vascones,
802 2463 978 2508 eisdem
1016 2462 1212 2523 Anglicis
1247 2472 1387 2524 atque
1423 2480 1588 2508 eorum
1625 2463 1821 2525 imperio

425 2540 646 2601 singulari
680 2540 926 2585 affectione
961 2538 1271 2596 cohaerentes,
1306 2540 1466 2584 comiti
1499 2539 1819 2595 Clarimontis‚

425 2614 522 2659 filio
558 2615 689 2660 ducis
729 2614 975 2671 Borbonii,
1021 2630 1194 2675 genero
1235 2630 1345 2672 suo,
1387 2624 1431 2659 et
1466 2615 1618 2660 eidem
1659 2614 1824 2659 illustri

425 2691 586 2736 comiti
603 2692 808 2736 Dunensi
828 2690 1077 2734 commisit.
1099 2689 1279 2744 Quibus
1300 2699 1345 2735 et
1369 2691 1610 2752 copiarum
1634 2705 1823 2734 suarum
