2037 3442
449 288 460 320 1
473 288 520 321 44
824 286 1160 322 HISTORIARUM
1190 287 1368 324 CAROLI
1396 291 1423 323 V
1429 291 1463 324 11

897 452 1232 496 CAPITULUM
1270 454 1368 496 XV.

594 582 814 628 Expugnatio
832 583 1021 616 Pontisarae
1037 595 1099 629 per
1115 583 1276 616 Carolum
1290 609 1298 624 ‚
1318 583 1533 618 Francorum
1550 599 1678 632 regem.

508 706 735 750 Parantur
757 704 914 766 itaque
936 703 1046 748 belli
1064 703 1226 748 omnia
1252 703 1626 752 machinamenta
1647 709 1706 753 ad
1720 709 1844 756 inva-

443 780 652 827 dendum
673 779 1134 843 expugnandumque
1155 780 1309 842 ipsum
1331 779 1578 843 oppidum,
1597 783 1725 843 quod
1740 801 1843 846 pro-

443 859 563 903 fecto
590 856 826 902 moenibus
845 892 856 913 ,
885 855 1005 901 vallo
1029 865 1168 918 atque
1191 853 1399 900 turribus
1423 865 1463 900 et
1483 859 1843 920 propugnaculis

444 943 542 979 erat
570 933 915 989 firmissimum,
939 932 1247 995 plurimisque
1272 931 1501 977 machinis
1524 932 1634 978 belli
1660 943 1703 978 et
1728 935 1844 980 mili-

444 1009 565 1054 tibus
594 1009 795 1070 Anglicis
825 1008 1025 1070 amplius
1059 1006 1185 1052 mille
1210 1016 1255 1051 et
1279 1007 1491 1052 ducentis
1520 1007 1654 1053 valde
1690 1011 1844 1055 muni-

443 1096 560 1131 tum.
589 1084 944 1148 Contemplatur
974 1100 1051 1129 rex
1076 1119 1086 1141 ‚
1113 1083 1203 1128 loci
1232 1085 1542 1129 munitionem
1567 1085 1840 1148 explorans,

444 1179 538 1225 qua
562 1171 692 1225 parte
715 1160 1014 1207 commodius
1040 1160 1310 1223 faciliusque
1334 1161 1532 1206 insultus
1555 1161 1654 1207 dari
1677 1172 1721 1207 et
1743 1180 1846 1226 per-

445 1242 519 1287 fici
545 1252 716 1305 posset.
746 1241 814 1287 Ad
835 1251 1013 1305 partem
1042 1241 1165 1287 illam
1190 1257 1378 1304 aggeres
1399 1242 1664 1302 instruunt,
1694 1243 1843 1306 appli-

442 1329 609 1364 cantur
640 1328 900 1375 tormenta‚
944 1318 1152 1382 petrariae
1199 1318 1514 1364 admoventur
1556 1319 1767 1364 maximae
1802 1329 1840 1364 et

443 1398 765 1457 validissimae,
798 1414 999 1460 quarum
1039 1396 1207 1442 crebro
1235 1398 1363 1459 jactu
1404 1407 1447 1442 et
1485 1397 1689 1442 terrifico
1728 1414 1843 1460 qua-

443 1475 625 1520 tiuntur
647 1475 795 1533 muri,
833 1483 982 1518 turres
1006 1473 1284 1534 franguntur
1308 1483 1351 1518 et
1382 1473 1738 1536 propugnacula
1762 1474 1842 1519 de-

439 1552 685 1613 jiciuntur,
727 1561 806 1608 ut,
833 1551 959 1596 intus
985 1550 1309 1596 exsistentibus
1342 1549 1523 1595 sublata
1559 1550 1845 1596 defendendi

445 1627 811 1685 commoditate,
847 1627 1244 1690 expugnatoribus
1279 1636 1416 1688 atque
1441 1626 1668 1672 insultum
1693 1627 1844 1673 danti-

444 1703 533 1748 bus
550 1704 730 1764 ingredi
754 1705 800 1748 in
823 1704 1053 1766 oppidum
1069 1704 1260 1749 facilitas
1283 1703 1581 1766 praeberetur.
1599 1706 1712 1759 Quae
1736 1721 1843 1749 cum

445 1781 508 1826 ita
542 1780 788 1825 tormentis
817 1789 862 1825 ct
899 1781 1112 1842 petrariis
1149 1780 1353 1825 factitata
1388 1790 1566 1838 essent,
1606 1790 1657 1824 ut
1693 1780 1843 1825 aditus

444 1857 629 1902 Francis
652 1867 840 1920 apertus
863 1856 1115 1913 videretur,
1143 1857 1187 1900 in
1210 1856 1383 1902 vallum
1406 1856 1579 1902 alacres
1599 1855 1840 1905 exsiliunt,

444 1934 699 1979 admovent
726 1933 872 1977 scalas
897 1932 957 1978 ad
983 1931 1327 1989 scandendum,
1357 1933 1588 1995 praecipue
1608 1932 1668 1977 ad
1684 1949 1844 1994 quam-

446 2012 557 2057 dam
598 2011 761 2056 turrim
801 2010 1137 2055 firmissimam¹
1160 2045 1171 2066 ,
1214 2026 1316 2072 quae
1355 2011 1482 2071 Jactu
1517 2019 1758 2072 petrarum
1794 2009 1839 2053 in

444 2088 695 2134 excelsiore
718 2097 849 2151 parte
882 2087 1035 2132 diruta
1066 2088 1242 2144 fuerat,
1270 2087 1537 2147 factumque
1573 2086 1619 2130 in
1646 2101 1696 2130 ea
1722 2085 1843 2130 fora-

444 2183 551 2212 men
577 2166 684 2211 satis
708 2181 948 2226 magnum.
973 2167 1100 2208 Tunc
1123 2163 1281 2208 videre
1307 2172 1403 2208 erat
1430 2165 1632 2207 Francos
1652 2162 1844 2207 viriliter

442 2253 488 2288 et
512 2242 722 2287 animose
744 2240 888 2285 scalas
918 2239 1032 2285 alios
1055 2238 1306 2284 ascendere
1323 2274 1334 2295 ‚
1366 2238 1482 2283 alios
1511 2237 1736 2296 arcubus,
1760 2237 1842 2282 ba-

442 2321 555 2366 listis
590 2328 634 2364 et
659 2317 1015 2374 bombardellis,
1055 2333 1168 2379 quas
1194 2315 1462 2361 colubrinas
1489 2325 1533 2360 et
1556 2314 1843 2378 serpentinas

443 2405 636 2453 vocant,
670 2394 910 2440 lethiferos
942 2394 1144 2439 telorum
1185 2410 1239 2438 ac
1273 2392 1484 2455 lapidum
1510 2392 1662 2453 jactus
1690 2392 1736 2436 in
1767 2391 1843 2436 de-

445 2476 650 2520 fensores
671 2473 792 2517 muri
814 2471 1133 2532 turriumque,
1160 2469 1338 2532 absque
1362 2469 1455 2516 ulla
1478 2468 1837 2523 intermissione,

498 2634 533 2668 1.
570 2650 586 2665 α
608 2635 661 2669 La
685 2640 769 2669 tour
793 2632 845 2669 du
877 2631 1025 2678 Friche,
1053 2631 1119 2680 qui
1142 2639 1196 2667 est
1221 2643 1285 2667 sur
1312 2630 1347 2667 le
1365 2629 1461 2666 bord
1491 2629 1537 2666 de
1561 2629 1597 2666 la
1624 2628 1760 2665 riviere
1795 2626 1840 2662 de

444 2690 572 2738 mise,
590 2690 640 2727 du
654 2691 754 2727 coste
775 2691 910 2728 devers
931 2691 966 2727 le
989 2698 1082 2741 pont
1097 2689 1144 2727 de
1163 2689 1341 2726 Meulant.
1369 2706 1384 2721 »
1411 2690 1616 2738 Chrom'que
1643 2689 1690 2723 de
1708 2690 1836 2733 B⁶''⁷.‘¹'⁷

447 2749 540 2786 dans
561 2748 767 2797 Godefroy⁷
793 2763 831 2798 p.
854 2752 943 2785 4115.
