2037 3442
708 334 849 369 LIBER
877 333 1140 369 SECUNDUS.
1576 330 1623 363 ss»

292 411 497 473 Contigit
519 412 659 458 etiam
684 422 734 457 ut
757 413 878 457 circa
902 411 1067 457 eadem
1096 426 1225 474 pai-ne
1249 419 1462 470 tempora
1486 406 1627 469 oppi-

228 485 341 530 dum
372 504 521 549 prope
552 488 930 550 Rothomagum,
961 487 1090 550 quod
1112 484 1406 531 Locusveris¹
1434 482 1622 539 dicitur,

230 562 407 624 Anglici
441 563 728 610 obsiderent.
774 564 915 620 Quod
957 580 1065 609 cum
1106 560 1329 607 arietibus
1364 569 1408 604 et
1436 557 1627 619 gruibus

228 638 422 701 aliisque
449 639 553 684 belli
581 641 966 686 machinamentis
990 640 1034 685 vi
1056 653 1223 700 magna
1240 651 1513 698 oppugnare
1535 643 1627 678 ten-

228 725 430 773 tassent,
467 734 632 763 omnes
682 728 836 764 tamen
868 714 1194 778 hujuscemodi
1231 728 1394 758 eorum
1430 719 1627 755 conatus

231 793 434 839 frustrati
467 805 595 853 sunt,
635 813 720 841 nec
745 797 814 853 xi,
844 795 970 858 quod
998 793 1301 840 vehementer
1325 796 1622 851 optaverant,

230 871 381 932 ipsum
437 872 649 918 obtinere
698 883 971 936 potuerunt.
1019 874 1127 915 Erat
1177 868 1302 914 enim
1344 867 1475 911 locus
1519 865 1627 909 satis

228 945 350 992 bene
383 950 590 994 munitus
621 960 666 995 et
698 966 865 1011 magna
890 957 1163 1010 vegetorum
1189 944 1390 990 militum
1423 941 1627 987 civium-

230 1040 320 1085 que
362 1027 695 1072 numerositate
731 1026 945 1071 refertus.
995 1023 1136 1081 Quod
1182 1019 1494 1067 verisimiliter
1539 1034 1626 1063 nec

230 1099 525 1146 indefensum
570 1103 628 1148 ad
664 1104 822 1149 hostes
850 1101 1156 1165 pervenisset,
1196 1099 1233 1144 si
1266 1113 1432 1143 eorum
1468 1095 1549 1158 qui
1577 1095 1625 1139 in

229 1193 286 1221 eo
315 1177 493 1223 obsessi
525 1190 655 1224 erant
683 1180 951 1243 capitaneus
976 1177 1239 1240 praecipuus
1265 1184 1310 1219 et
1346 1174 1466 1219 inter
1491 1175 1629 1216 Fran-

228 1268 393 1297 corum
428 1253 570 1300 duces
607 1257 776 1301 militiae
811 1255 931 1300 illius
963 1253 1187 1317 temporis
1222 1251 1357 1297 valde
1391 1250 1625 1307 famosus,

228 1341 546 1390 cognomento
578 1336 642 1377 La
676 1335 855 1388 mere&
895 1332 1089 1377 minime
1119 1329 1179 1375 ad
1211 1328 1419 1374 hostium
1460 1342 1629 1372 manus

228 1408 531 1468 pervenisset.
564 1410 732 1455 Exiens
761 1409 888 1455 enim
913 1408 1068 1453 furtim
1095 1406 1325 1469 oppidum
1347 1405 1444 1466 jam
1468 1403 1628 1449 obses-

228 1500 350 1543 sum,
375 1495 426 1530 ut
450 1487 614 1532 clausis
638 1503 911 1533 succursum
930 1485 1209 1537 adduceret,
1237 1500 1343 1529 cum
1368 1492 1517 1527 castra
1541 1481 1628 1526 ol)-

229 1561 482 1607 sidentium
507 1574 652 1610 noctu
682 1564 1022 1628 pertransiisset
1048 1571 1093 1608 et
1122 1562 1218 1623 jam
1243 1578 1326 1624 per
1355 1560 1529 1605 dietam
1546 1560 1557 1581 ³
1585 1567 1629 1603 et

229 1638 428 1702 amplius
454 1639 513 1685 ab
540 1640 718 1703 oppido
745 1640 1029 1702 elongasset,
1063 1638 1254 1683 fortuito
1279 1636 1476 1696 contigit
1497 1644 1546 1679 ut
1569 1633 1629 1679 ab

229 1730 327 1760 uno
353 1716 497 1762 milite
520 1716 851 1780 Burgundione
867 1716 1050 1778 agnitus
1070 1723 1330 1778 caperetur.
1358 1715 1464 1768 Quo
1484 1710 1629 1755 infor—

230 1793 363 1837 tunio
387 1793 605 1839 effectum
631 1804 697 1839 est
723 1804 797 1852 ut,
828 1811 936 1839 cum
962 1792 1171 1856 pluribus
1196 1789 1435 1835 mensibus
1460 1788 1627 1834 decur-

229 1869 290 1914 sis
323 1869 466 1916 sames
498 1881 543 1916 et
567 1872 782 1916 omnium
812 1888 971 1916 rerum
995 1869 1189 1933 penuria
1213 1867 1429 1913 obsessos
1457 1866 1632 1928 afflige-

230 1956 316 2004 ret,
342 1964 430 1993 nec
452 1957 609 1994 tamen
638 1950 730 2007 eis,
759 1958 810 1994 ut
834 1948 1055 1994 auxilium
1080 1947 1384 2011 praeberetur,
1408 1962 1512 2009 spes
1536 1945 1629 1990 ulla

229 2036 517 2087 superesset,
556 2026 845 2072 deditionem
885 2026 1102 2072 facerent.
1144 2028 1247 2081 Qua
1286 2025 1429 2083 facta,
1474 2024 1629 2069 statim

230 2100 406 2162 Anglici
433 2119 593 2147 muros
621 2112 665 2148 et
688 2113 846 2166 portas
876 2103 1039 2166 oppidi
1066 2102 1337 2164 dejecerunt
1361 2101 1630 2161 vallumque

230 2194 286 2221 cx
310 2179 514 2225 materiis
537 2180 879 2242 ruderibusque
903 2181 1014 2225 inde
1039 2180 1251 2244 dilapsis,
1279 2180 1473 2242 aliisque
1497 2178 1630 2223 terris

229 2272 252 2299 e
274 2257 490 2318 proximo
518 2257 627 2302 illuc
650 2257 980 2321 comportatis,
1009 2258 1411 2320 complanamnt‘z

281 2432 318 2468 ’1.
349 2431 548 2468 Louviers.
572 2433 666 2480 Voy.
689 2431 896 2479 ci-dessus‚
919 2446 956 2483 p.
985 2435 1048 2472 78.

281 2494 319 2530 2.
351 2494 403 2527 La
430 2491 521 2528 Hire
538 2520 547 2536 ,
580 2492 766 2541 capitaine
792 2506 944 2544 gascon.
983 2496 1058 2531 Son
1086 2506 1174 2531 nom
1201 2492 1289 2530 etait
1308 2484 1466 2530 Etienne
1492 2490 1539 2528 de
1567 2490 1630 2528 Vi·

227 2550 386 2599 gnolles.

283 2612 318 2647 3.
350 2612 435 2647 Une
452 2610 612 2657 journee
632 2610 677 2647 de
696 2610 861 2649 chemin.

280 2672 316 2705 4.
349 2672 400 2706 Le
418 2672 468 2705 25
493 2669 646 2707 octobre
667 2672 782 2707 1431.
