2037 3442
482 298 530 331 48
855 297 1190 332 HISTORIARUM
1221 297 1397 331 CAROLI
1426 298 1493 331 Vll

948 495 1284 538 CAPITULUM
1316 497 1390 538 ΙΙΙ.

685 633 734 664 De
751 632 842 665 bello
859 632 953 678 apud
973 633 1179 666 Vernolium
1196 633 1285 666 inter
1303 634 1452 667 Francos
1472 643 1503 668 et
1521 636 1664 681 Anglos.

539 752 657 797 Illud
693 769 805 798 vero
844 753 1294 816 praetermittendum
1331 770 1426 799 non
1464 765 1531 800 est
1573 756 1725 816 quod,
1763 773 1871 801 cnm

475 829 609 891 Angli
629 839 831 875 castrum
856 829 914 874 de
941 832 1101 887 [vm-5¹,
1122 830 1168 875 in
1193 829 1464 875 Ebroicensi
1495 830 1705 891 dioecesi⁷
1736 833 1869 879 obse-

474 906 673 965 dissent,
701 916 745 952 et
773 907 934 951 Franci
968 922 1157 968 magnas
1187 906 1396 969 undique
1424 908 1760 953 contraxissent
1793 925 1870 955 co-

472 982 570 1045 pias
594 982 652 1028 ad
685 982 990 1046 praebendum
1023 982 1221 1028 obsessis
1251 983 1467 1028 solatium
1500 993 1544 1029 et
1573 983 1868 1030 obsidionem

471 1068 681 1104 tenentes
704 1059 1036 1105 debellandum
1053 1096 1063 1114 ,
1093 1059 1374 1105 divertentes
1394 1076 1552 1105 versus
1568 1061 1841 1106 Vernolium
1854 1098 1865 1120 ‚

472 1136 702 1199 oppidum
733 1136 903 1199 ipsum,
944 1135 1070 1198 quod
1109 1152 1192 1199 per
1220 1135 1411 1197 aliquod
1439 1136 1535 1197 jam
1567 1146 1751 1200 tempus
1782 1136 1868 1182 sub

477 1212 726 1274 Anglorum
754 1222 940 1258 steterat
962 1212 1180 1275 imperio,
1213 1222 1490 1275 receperunt
1514 1223 1558 1257 et
1582 1230 1688 1257 cum
1713 1213 1868 1258 multis

472 1298 760 1333 armatorum
778 1287 982 1333 millibus
1008 1297 1315 1351 occuparunt.
1343 1287 1482 1344 Quod
1506 1305 1613 1333 cum
1637 1288 1767 1350 Angli
1794 1289 1866 1332 in-

471 1363 768 1424 tellexissent7
792 1381 923 1410 suam
941 1364 1172 1410 solventes
1193 1363 1514 1423 obsidionem,
1539 1365 1633 1410 suis
1658 1365 1866 1427 undique

471 1439 675 1485 collectis
700 1439 947 1498 militibus,
981 1440 1165 1486 adscitis
1200 1441 1338 1486 etiam
1368 1440 1605 1485 nobilibus
1630 1443 1865 1486 Norman-

470 1518 581 1576 niae,
607 1517 665 1563 ad
692 1518 844 1580 ipsum
870 1517 1078 1563 vernolii
1102 1519 1258 1563 locum
1279 1518 1465 1562 concito
1485 1517 1627 1579 gradu
1654 1533 1864 1579 perrexe-

469 1605 579 1640 runt
595 1632 606 1654 7
634 1605 684 1640 ut
706 1595 864 1640 hostes
884 1612 993 1640 suos
1016 1598 1217 1640 Francos
1233 1631 1244 1649 ‚
1270 1595 1305 1639 si
1332 1603 1650 1658 exspectarent
1669 1628 1679 1649 ‚
1704 1609 1863 1655 aggre-

467 1671 707 1717 derentur.
735 1672 874 1727 Quod
899 1672 1089 1733 quidem
1114 1672 1200 1735 ipsi
1219 1671 1406 1727 Franci,
1432 1671 1514 1717 sed
1538 1670 1709 1716 infelici
1731 1670 1862 1715 valde

466 1757 591 1793 sorte
612 1785 622 1806 ‚
650 1748 874 1793 fecerunt.

530 1827 793 1869 Accerserat
822 1833 933 1868 tunc
957 1826 1243 1868 Francorum
1276 1840 1352 1869 rex
1389 1824 1448 1868 ad
1480 1824 1695 1868 solatium
1722 1840 1858 1868 suum

463 1902 631 1947 auxilia
655 1918 822 1963 magna
852 1918 906 1946 ex
931 1901 1079 1946 Scotis
1095 1937 1105 1956 ‚
1132 1901 1211 1962 qui
1240 1916 1473 1963 pugnaces
1498 1901 1689 1962 quidem
1718 1910 1763 1946 et
1784 1917 1857 1945 ro-

463 1977 609 2036 busti,
638 1977 718 2023 sed
742 1977 973 2022 temerarii
998 1977 1193 2021 nimium
1233 1992 1286 2021 ac
1318 1976 1507 2039 superbi
1538 1993 1634 2021 esse
1660 1993 1857 2024 consue·

463 2065 644 2101 verunt.
662 2054 947 2100 Ferebantur
968 2070 1064 2098 esse
1082 2053 1213 2115 quasi
1238 2051 1295 2098 ad
1321 2051 1484 2097 decem
1506 2052 1649 2096 millia
1672 2069 1857 2114 pugna-

461 2142 617 2177 torum
636 2168 646 2188 ,
676 2147 880 2194 quorum
913 2139 1044 2175 erant
1070 2129 1289 2174 ductores
1313 2128 1593 2191 principales
1617 2144 1775 2173 comes
1800 2128 1858 2174 de

459 2208 668 2271 Doztglas
691 2217 733 2253 et
757 2223 914 2252 comes
940 2206 998 2251 de
1022 2205 1251 2250 Boulsmffl.
1294 2207 1357 2249 Ex
1381 2204 1569 2249 Francis
1598 2204 1737 2249 etiam
1760 2214 1856 2249 erat

458 2285 613 2330 militis
631 2283 866 2330 collectitii
889 2281 1139 2328 multitudo
1164 2297 1353 2342 magna,
1378 2280 1459 2326 sed
1482 2280 1738 2342 plurimum
1758 2279 1856 2325 abs-

458 2378 550 2423 que
569 2360 814 2424 disciplina
836 2370 882 2406 et
905 2359 1068 2405 ordine
1092 2358 1304 2414 militari,
1331 2358 1506 2419 majore
1530 2357 1670 2402 etiam
1693 2374 1747 2402 ex
1773 2374 1855 2402 nu-

508 2532 544 2566 1.
577 2527 931 2579 lvry-le—Cliziteau‚
948 2526 1091 2563 illustre
1104 2525 1237 2575 depuis
1258 2538 1326 2574 par
1346 2537 1419 2561 une
1434 2533 1540 2560 autre
1561 2523 1726 2562 baiaille.

507 2590 544 2623 ⁶2.
577 2586 781 2624 Archibald
816 2586 1008 2636 Douglas‚
1046 2597 1119 2633 qne
1154 2583 1308 2621 Charles
1342 2586 1409 2619 VII
1445 2582 1544 2619 avait
1578 2583 1662 2619 erce
1700 2581 1770 2618 duc
1806 2581 1852 2618 de

455 2645 642 2681 Touraine
680 2645 714 2682 le
746 2648 794 2681 19
832 2645 926 2681 avril
972 2645 1102 2689 14233
1142 2651 1178 2678 et
1212 2643 1310 2679 John
1349 2645 1499 2681 Stuart.
1540 2650 1662 2678 comte
1699 2641 1745 2678 de
1779 2644 1852 2677 Bn-

453 2706 547 2742 chan
578 2714 614 2742 et
643 2708 690 2742 de
727 2706 894 2757 Douglas
916 2735 925 2750 ,
962 2704 1113 2741 nomme
1143 2702 1364 2740 conne‘table
1400 2702 1446 2740 de
1473 2704 1615 2738 France
1645 2701 1677 2737 le
1709 2703 1731 2735 4
1755 2700 1847 2736 avril

452 2767 567 2802 1423.
