2037 3442
405 337 454 371 93
785 328 1123 365 HISTORIARUM
1153 328 1330 363 CARoLl
1357 330 1425 364 vn

404 413 507 459 simi
542 410 727 456 foederis
762 408 893 471 quod
930 424 1038 453 cum
1073 424 1179 469 rege
1213 407 1469 468 Anglorum
1507 409 1799 471 possederat,

405 488 598 535 minime
624 495 802 549 posset,
832 484 919 532 nisi
953 485 1093 531 etiam
1126 500 1182 529 eo
1208 493 1431 529 contento
1456 494 1501 529 et
1523 495 1715 548 pacato,
1743 487 1803 533 ad

405 565 554 612 foedus
578 579 688 609 cum
710 578 817 624 rege
839 565 1129 610 Francorum
1154 560 1415 606 ineundum
1439 562 1804 624 perficiendum-

406 657 498 705 que
528 639 776 704 pervenire
794 676 805 697 ‚
834 637 1041 684 studium
1077 653 1303 698 magnum
1329 646 1374 682 et
1397 647 1622 683 conatum
1651 640 1803 685 omni-

403 717 549 764 modo
567 716 770 763 intendit
789 725 863 773 ut,
890 731 988 760 non
1012 713 1159 759 modo
1188 714 1309 760 inter
1331 729 1490 775 regem
1519 715 1803 761 Francorum

403 805 449 841 et
472 811 545 851 se,
566 793 649 839 sed
666 793 806 838 etiam
830 792 951 836 inter
971 790 1135 836 ambos
1158 806 1289 851 reges
1312 806 1366 835 ac
1385 806 1545 852 regna,
1568 790 1803 837 destructo

405 889 459 918 ac
482 871 640 917 diruto
664 870 930 914 inveteratae
955 867 1208 913 inimiciiiae
1237 868 1435 930 pariete,
1465 884 1554 930 pax
1583 868 1804 915 concilia—

404 958 556 1005 retur3
577 962 673 1008 quo
699 944 856 990 medio
879 944 1018 988 etiam
1040 959 1124 989 sua
1150 943 1414 990 firmaretur
1434 954 1480 989 et
1502 943 1799 990 stabiliretur.

407 1024 540 1070 Unde
555 1022 762 1086 plurium
776 1020 1000 1065 decursus
1014 1018 1199 1065 dierum
1209 1020 1256 1064 in
1272 1020 1545 1081 hujusmodi
1556 1022 1805 1067 conamine

404 1101 600 1148 detritus
636 1109 725 1157 est,
750 1098 907 1159 Anglis
935 1107 1005 1143 tot
1034 1107 1078 1143 et
1110 1107 1234 1143 tanta
1266 1097 1324 1142 de
1351 1114 1496 1160 regno
1521 1101 1806 1144 Francorum

404 1175 749 1240 requirentibus
767 1175 813 1220 in
840 1174 1029 1236 suisque
1047 1172 1440 1236 posmlationibus
1455 1183 1551 1219 tam
1575 1173 1807 1220 obstinate

403 1271 456 1299 ac
497 1253 724 1316 pertinaci
761 1252 921 1296 animo
961 1249 1321 1310 inhaerentibus‚
1350 1260 1402 1294 ut
1436 1252 1562 1313 pacis
1599 1250 1807 1296 remedia

402 1332 525 1377 inter
546 1347 676 1392 reges
699 1339 744 1375 et
764 1345 907 1391 regna
930 1344 1066 1391 posse
1095 1328 1293 1373 inveniri
1317 1328 1515 1373 omnino
1541 1327 1807 1391 desperare-

402 1419 494 1453 tur.
545 1407 687 1463 Quod
723 1408 1010 1470 perspiciens
1050 1407 1148 1469 ipse
1193 1407 1379 1452 illustris
1417 1406 1806 1468 Burgundionum

404 1486 522 1543 dux,
564 1495 607 1530 et
648 1484 777 1547 quod
814 1483 983 1528 multas
1015 1483 1279 1528 oblationes
1313 1483 1449 1529 valde
1477 1483 1804 1542 rationabiles,

404 1561 636 1608 desiderio
678 1560 986 1606 conciliandae
1024 1560 1150 1624 pacis
1194 1559 1372 1605 eisdem
1416 1559 1569 1622 Anglis
1610 1577 1634 1605 a
1678 1571 1809 1624 parte

404 1642 693 1683 Francorum
720 1638 884 1695 factas,
906 1654 1099 1700 prorsus
1122 1638 1209 1701 ipsi
1232 1647 1591 1683 &interimerent
1613 1646 1658 1683 et
1680 1654 1809 1683 recu·

405 1729 582 1777 sarem,
610 1735 719 1765 cum
744 1734 887 1763 omne
910 1718 1039 1780 quod
1073 1719 1121 1763 in
1155 1734 1202 1763 se
1237 1728 1334 1763 erat
1360 1718 1654 1764 inveniendae
1682 1718 1809 1780 pacis

406 1808 451 1843 et
476 1795 742 1843 concordiae
764 1796 967 1858 satisque
991 1796 1056 1840 eis
1089 1796 1248 1840 fecisse
1278 1812 1305 1841 a
1337 1797 1519 1842 cunctis
1555 1795 1804 1853 diceretur,

405 1875 602 1922 consilio
643 1884 688 1920 et
727 1873 999 1919 auctoritate
1037 1872 1274 1917 dictorum
1310 1872 1808 1918 reverendissimorum

407 1953 691 2014 legatorum.)
720 1950 807 1996 sibi
824 1986 835 2007 ⁷
863 1951 995 1996 terris
1017 1966 1070 1995 ac
1094 1948 1291 1994 subditis
1311 1950 1404 1995 suis
1434 1949 1492 1994 de
1516 1949 1647 1994 bono
1681 1951 1809 2012 pacis

409 2046 517 2075 cum
552 2031 843 2073 Francorum
875 2043 982 2087 rege
1019 2024 1271 2071 consuluit.
1307 2026 1437 2070 Tales
1472 2027 1600 2070 enim
1634 2034 1679 2070 et
1714 2035 1809 2070 tam

409 2106 630 2150 honestas
653 2104 741 2150 sibi
774 2105 901 2167 pacis
933 2102 1229 2148 conditiones
1253 2102 1378 2147 idem
1409 2106 1695 2147 Francorum
1729 2119 1808 2148 rex

410 2182 662 2239 offerebat,
698 2181 829 2243 quod
861 2197 937 2225 eas
973 2196 1209 2224 recusasse
1243 2196 1339 2223 non
1382 2179 1528 2224 modo
1558 2180 1805 2242 injustum,

408 2275 571 2304 verum
609 2257 750 2303 etiam
792 2257 1106 2303 inhumanum
1141 2273 1167 2302 a
1201 2255 1381 2300 cunctis
1424 2257 1591 2301 merito
1631 2257 1810 2301 censeri

409 2335 654 2399 potuisset.
687 2334 959 2396 Priusquam
990 2343 1144 2378 tamen
1166 2332 1259 2378 ulla
1281 2341 1419 2395 pacta
1436 2332 1668 2390 firmaret,
1696 2350 1808 2379 auc—

411 2414 594 2459 toritate
625 2411 891 2475 apostolicae
923 2410 1043 2456 sedis
1079 2420 1122 2455 et
1154 2409 1380 2472 generalis
1410 2409 1612 2455 ecclesiae
1644 2410 1809 2472 synodi

412 2505 570 2535 secum
585 2527 596 2547 ,
625 2505 708 2553 per
732 2488 881 2533 dictos
904 2486 1317 2533 reverendissimos
1340 2496 1494 2550 patres
1518 2487 1694 2548 legatos
1718 2487 1809 2531 dis-

413 2569 683 2629 pensatum¹
700 2565 785 2611 fuit
800 2582 940 2629 super
955 2564 1042 2610 illis
1064 2564 1209 2627 pactis
1230 2573 1274 2609 et
1296 2563 1613 2619 sacramentis,
1638 2562 1808 2626 quibus

411 2642 666 2704 Anglorum
711 2644 807 2705 regi
860 2642 1112 2689 obstrictus
1161 2640 1501 2704 devinctusque
1543 2639 1803 2686 tenebatur.

466 2800 480 2834 1
495 2827 501 2833 .
534 2796 661 2833 Plutot
678 2797 912 2843 dispensatas
927 2826 936 2842 ‚
964 2797 986 2832 a
1002 2796 1123 2833 moins
1142 2808 1216 2845 que
1233 2800 1268 2832 ei
1286 2808 1334 2832 ne
1351 2795 1422 2833 soit
1440 2796 1462 2832 a
1480 2794 1669 2845 suppleer.
