2037 3442
450 251 523 285 224
829 252 1166 286 HISTORIARUM
1193 253 1371 288 CAROLI
1401 255 1467 288 vu

448 330 611 374 riensis
635 330 857 374 dominus
892 330 950 375 de
980 334 1021 374 T
1016 330 1170 388 albol,
1200 331 1365 375 dolum
1394 333 1493 393 ipse
1530 335 1842 394 persentiens,

448 405 508 450 ad
546 404 921 466 restringendum
966 405 1228 468 periculum
1262 406 1515 452 advolavit.
1555 409 1647 463 Qui
1680 426 1790 454 cum
1823 428 1848 456 a

449 491 578 543 tergo
614 481 1016 544 conspiratoribus
1048 483 1325 541 imminens,
1369 483 1625 529 nonnullos
1653 501 1709 529 ex
1741 486 1850 548 ipsis

447 558 787 611 interemisset,
815 558 929 604 alios
955 558 1114 605 relicto
1143 576 1281 605 muro
1305 559 1365 605 ad
1389 559 1560 605 domus
1585 577 1691 606 suas
1715 562 1848 607 aufu-

448 651 554 695 gere
571 671 581 689 ‚
612 634 726 681 alios
745 644 869 680 metu
897 636 1187 682 imminentis
1211 636 1350 698 gladii
1373 653 1398 682 e
1424 637 1627 683 turribus
1647 647 1692 683 et
1712 654 1848 683 muro

447 728 545 756 sese
575 712 622 756 in
659 711 832 757 vallum
871 713 1157 776 praecipitare
1180 713 1350 775 adegit.
1387 714 1528 770 Quod
1551 715 1849 778 inspicientes

447 789 611 834 Franci
635 799 680 835 et
711 799 884 834 conatu
909 806 956 835 se
987 789 1231 835 frustratos
1264 801 1628 853 cognoscentes,
1658 791 1849 836 insidias

447 867 692 929 suspicati,
720 876 845 912 retro
878 866 1050 930 pedem
1078 867 1250 913 referre
1273 867 1425 913 coacti
1452 877 1562 913 sunt
1590 876 1633 913 et
1661 867 1813 913 abire¹
1835 886 1846 926 ;

447 960 472 989 e
497 944 645 1006 portis
667 953 825 989 autem
848 943 1126 989 exeuntibus
1151 944 1384 1006 Angficis,
1409 961 1529 1007 quos
1555 961 1610 990 ex
1640 944 1844 1003 civibus,

447 1023 527 1084 qui
552 1039 599 1068 se
622 1022 877 1086 praecipitio
908 1021 1166 1081 dederant,
1195 1022 1503 1081 invenerunt,
1533 1022 1612 1085 qui
1638 1039 1694 1067 ex
1716 1022 1848 1086 lapsu

447 1098 673 1145 debilitati
698 1098 922 1145 membris
946 1116 1029 1162 per
1051 1098 1207 1162 sugam
1227 1099 1424 1144 evasisse
1445 1115 1542 1144 non
1566 1108 1844 1162 potuerant,

448 1176 586 1222 variis
610 1176 850 1222 confossos
886 1175 1158 1222 vulneribus
1193 1175 1566 1222 dilaceraverunt
1589 1186 1634 1222 et
1666 1176 1848 1222 occide—

448 1263 572 1299 runt.
624 1257 858 1299 intrarant
897 1263 1053 1299 autem
1103 1270 1158 1298 ex
1198 1253 1385 1299 Francis
1425 1252 1668 1312 nonnulli,
1710 1254 1847 1317 pauci

448 1344 601 1380 tamen
628 1350 852 1393 numero,
880 1349 1084 1395 quorum
1115 1332 1257 1395 aliqui
1280 1331 1407 1396 apud
1435 1332 1558 1378 cives
1580 1348 1678 1378 sese
1703 1348 1848 1378 occu-

446 1411 664 1470 luerunt,
691 1427 811 1474 quos
843 1409 929 1456 sibi
956 1409 1077 1455 bene
1106 1410 1297 1456 affectos
1321 1419 1670 1473 cognovera1‘1t3
1698 1410 1849 1455 caeteri

447 1488 506 1535 ab
534 1487 739 1549 Anglicis
757 1488 882 1552 capti
906 1486 1284 1533 asservabantur.

514 1572 568 1614 Et
590 1567 669 1614 illo
696 1567 869 1627 modo,
899 1583 985 1631 pro
1015 1566 1090 1613 illa
1114 1567 1216 1613 vice
1236 1604 1245 1624 ,
1267 1567 1486 1612 frustrato
1511 1566 1684 1612 civium
1708 1569 1848 1612 Fran-

448 1662 706 1707 corumque
729 1654 926 1703 conatu,
953 1661 1033 1690 rex
1066 1661 1173 1690 cum
1202 1661 1288 1690 suo
1313 1644 1517 1690 exercitu
1550 1643 1610 1689 ad
1643 1653 1845 1689 castrum

449 1722 793 1769 Pontis-Archae
830 1731 875 1767 et
922 1721 1052 1766 villas
1089 1721 1354 1784 adjacentes
1387 1738 1435 1766 se
1472 1721 1656 1766 reduxit
1683 1723 1709 1764 ².
1757 1719 1848 1764 Ubi

449 1816 582 1857 cum,
609 1808 716 1861 post
740 1797 833 1843 hoc
866 1796 1053 1842 duobus
1088 1796 1294 1842 decursis
1327 1796 1514 1855 diebus,
1542 1796 1846 1851 constitisset,

449 1875 728 1936 habitusque
770 1873 957 1918 interim
1004 1882 1265 1918 conventus
1312 1873 1469 1918 fuisset
1503 1871 1630 1936 apud
1667 1872 1846 1929 villam,

450 1968 552 2014 quae
596 1951 738 2013 vulgo
774 1949 1379 1996 Portus-Sancti-Audoeni³
1412 1949 1689 2012 appellatur,
1730 1949 1852 1994 inter

450 2031 602 2093 regios
627 2028 974 2075 commissarios
1004 2037 1047 2072 et
1071 2026 1319 2089 deputatos
1348 2025 1605 2087 Anglorum
1628 2034 1768 2087 atque
1790 2025 1853 2070 ci-

451 2108 580 2154 vium
603 2105 812 2169 ejusdem
843 2104 969 2150 urbis
985 2106 1022 2160 4,
1052 2105 1098 2149 in
1134 2120 1230 2166 quo
1254 2102 1372 2148 nihil
1397 2102 1649 2148 diffinitum
1673 2102 1848 2160 fuerat,

505 2260 541 2297 1.
573 2260 676 2297 Cette
696 2256 904 2308 entreprise
924 2264 987 2294 eut
1009 2256 1085 2293 lieu
1108 2256 1143 2293 le
1165 2258 1214 2292 16
1240 2255 1393 2293 octobre
1418 2257 1534 2293 1449.
1570 2274 1585 2287 «ι
1606 2259 1651 2293 In
1674 2255 1746 2294 hoc
1768 2264 1852 2293 tru-

451 2317 707 2357 culentissimo
738 2316 914 2353 conflictu
943 2315 1136 2366 sexaginta
1165 2314 1309 2366 egregii
1333 2327 1352 2351 e
1378 2314 1494 2352 Gallis
1523 2316 1657 2353 armati
1686 2325 1722 2353 et
1752 2315 1850 2354 cives

451 2377 724 2416 occubuerunt.
751 2394 767 2408 υ
790 2375 933 2413 Robert
954 2375 1134 2422 Blondel,
1157 2375 1183 2412 l.
1210 2389 1240 2412 e.

505 2442 543 2477 ⁶2.
571 2438 601 2476 Il
626 2437 749 2476 s'etait
766 2437 907 2474 avance'
928 2437 1080 2487 jusqn’ii
1102 2435 1297 2483 Darnetal,
1321 2437 1423 2473 selon
1443 2439 1536 2474 Jean
1556 2435 1739 2484 Chartier,
1761 2435 1851 2474 dans

454 2500 663 2550 Godesroy‚
685 2513 724 2550 p.
748 2500 836 2535 ¹179..

506 2563 543 2597 3.
575 2558 950 2604 Port-Saint-Ouen,
985 2570 1050 2595 sur
1079 2556 1115 2593 la
1146 2555 1276 2602 Scine,
1308 2562 1413 2593 entre
1445 2555 1786 2594 Pont-de-I'Arche
1816 2561 1851 2591 et

452 2618 597 2657 Rouen.

508 2676 543 2715 4.
579 2695 592 2708 u
614 2676 835 2714 Gravissimi
854 2674 927 2713 viri
950 2672 1228 2726 archipraesulis
1249 2683 1427 2725 persuasa
1451 2671 1605 2712 assentit
1625 2669 1721 2721 (dux
1742 2674 1851 2710 Sum—

456 2734 626 2785 merseti)
650 2736 751 2786 quod
774 2736 834 2773 vir
863 2734 1015 2787 elegans
1042 2733 1220 2773 Officialis
1249 2737 1364 2781 (Jean
1393 2730 1564 2781 Dubosc)
1591 2742 1626 2770 et
1653 2731 1743 2770 civis
1767 2731 1850 2781 qui-
