2037 3442
683 304 824 338 LIBER
852 304 1091 348 QUARTUS.
1521 306 1595 341 209

195 382 334 444 igitur
354 383 503 429 inulto
524 394 631 447 post
653 393 881 446 tempore,
901 384 1045 429 totius
1066 400 1158 429 suae
1178 385 1403 446 equestris
1425 386 1597 432 militiae

195 460 423 521 majorem
460 461 730 524 portionem
761 461 898 522 jussit
933 477 1014 506 rex
1044 461 1185 506 armis
1222 462 1411 524 aggredi
1451 472 1596 508 terras

197 538 519 597 Norinanniae,
547 555 663 601 quas
693 538 871 600 Anglici
899 537 1212 601 occupabant.
1245 539 1492 584 Accersivit
1514 556 1598 585 au·

198 623 290 658 tem
311 616 485 677 pariter
508 625 553 660 et
571 616 792 660 comitem
808 615 1157 672 Sancti-Pauli¹‚
1183 617 1283 677 qui,
1302 616 1497 662 collecta
1519 617 1601 662 mi·

196 689 314 735 litari
352 707 494 736 manu
515 728 525 748 ,
562 708 654 736 una
686 707 795 736 cum
835 690 1007 735 comite
1034 690 1091 735 de
1116 694 1246 752 Augo
1268 694 1296 745 ²,
1335 693 1519 737 circiter
1541 692 1601 737 ad

198 766 283 811 tria
308 767 452 813 millia
474 769 713 830 equitum,
740 767 871 829 equis
890 777 935 812 et
958 767 1099 812 armis
1135 768 1311 830 optime
1342 768 1601 814 instructo-

196 860 328 899 rum,
369 861 415 889 sc
451 861 546 890 una
581 861 689 890 cum
732 845 872 889 altera
912 844 1032 905 regis
1071 843 1235 888 militia
1270 854 1598 906 aggregantes,

196 920 322 966 circa
364 921 530 966 festum
570 921 694 966 beati
730 920 992 965 Laurentii³
1024 919 1085 965 ad
1120 919 1395 966 suburbana
1435 921 1601 984 oppidi

196 997 633 1044 Pontis-Odoman'·
658 1007 808 1043 castra
839 1006 1117 1059 posuerunt.
1158 1000 1490 1043 Convenerant
1519 1014 1600 1044 au·

198 1082 291 1118 tem
331 1073 424 1120 illic
468 1075 662 1137 quidam
708 1074 965 1136 Angloruin
999 1074 1165 1130 duces,
1207 1073 1425 1120 videlicet
1460 1074 1599 1120 Falco

198 1151 387 1195 Ectonis
428 1162 473 1196 et
515 1151 764 1197 Osburnus
803 1150 862 1196 de
904 1151 1223 1210 M011teforti⁵,
1270 1150 1453 1196 circiter
1493 1169 1601 1197 curn

197 1227 464 1288 quingentis
491 1228 716 1290 Anglicis,
745 1244 841 1273 uno
867 1227 940 1273 vel
971 1227 1160 1274 duobus
1194 1228 1361 1274 diebus
1387 1239 1496 1275 ante
1520 1230 1602 1275 ad·

197 1312 390 1348 ventum
415 1307 727 1360 Francorum,
767 1305 961 1351 sortasse
984 1305 1043 1351 de
1066 1321 1341 1368 aggressura
1362 1306 1486 1352 illius
1515 1324 1603 1370 op-

199 1378 295 1440 pidi
317 1379 494 1442 aliquid
521 1383 737 1446 suspicati
760 1381 836 1428 vel
866 1383 1007 1430 etiam
1031 1383 1253 1428 certiores
1276 1383 1457 1441 effecti3
1485 1401 1605 1446 quos

196 1465 353 1501 tamen
378 1456 442 1502 ibi
476 1476 574 1505 esse
597 1462 884 1505 Francorum
909 1459 1053 1508 duces
1076 1460 1293 1522 primitus
1315 1459 1603 1506 nesciebant.

261 1537 381 1579 Cum
424 1552 532 1582 vero
575 1537 742 1583 diebus
777 1536 965 1582 duobus
998 1546 1078 1582 aut
1116 1536 1265 1582 tribus
1303 1537 1396 1582 illic
1438 1538 1604 1584 Franci

197 1613 420 1658 remorati
456 1614 674 1671 fuissent,
717 1631 813 1660 non
856 1615 1015 1677 utique
1047 1615 1345 1677 propositum
1380 1613 1606 1660 habentes

197 1688 351 1752 ipsum
375 1690 607 1753 oppidum
631 1691 881 1736 obsidendi
899 1728 910 1750 ,
934 1707 1042 1736 cuni
1060 1690 1210 1736 nullas
1233 1689 1345 1736 beili
1362 1690 1605 1736 machinas

198 1765 257 1811 ad
287 1765 335 1811 id
367 1767 612 1829 requisitas
636 1767 953 1826 advexissent,
977 1766 1061 1813 sed
1084 1783 1232 1829 equos
1257 1766 1501 1813 dumtaxat
1523 1766 1605 1813 ha-

199 1841 364 1888 herent
388 1853 433 1888 et
458 1859 618 1900 arma,
646 1845 806 1907 paucis
839 1844 1043 1907 exceptis
1076 1844 1268 1889 munitis
1298 1842 1605 1890 bombardel-

198 1918 280 1978 lis,
307 1920 389 1966 sed
414 1921 729 1968 existimantes
759 1938 806 1967 se
841 1921 1003 1968 locum
1033 1920 1212 1984 absque
1247 1920 1452 1967 militum
1490 1938 1606 1984 prae-

199 1996 319 2042 sidio
354 1998 663 2062 improvisum
702 2015 935 2062 occupare
981 2008 1027 2044 et
1067 1999 1349 2063 praeripere,
1384 2008 1520 2061 turpe
1561 2005 1607 2043 et

202 2074 478 2121 indecorum
502 2086 781 2140 reputarunt
805 2077 842 2122 si
867 2077 926 2123 al]
955 2093 1011 2122 eo
1048 2075 1153 2122 loco
1171 2113 1182 2134 ,
1218 2075 1395 2139 absque
1430 2073 1607 2137 aliquid

203 2153 543 2215 praetentando,
573 2152 887 2201 discederent.
916 2157 1088 2212 Porro,
1113 2170 1211 2199 non
1236 2160 1502 2217 exspectato
1528 2149 1609 2196 du-

203 2245 311 2274 cum
349 2229 578 2293 imperio,
621 2230 741 2276 forte
778 2231 976 2293 contigit
1025 2241 1075 2276 ut
1110 2229 1306 2294 quidam
1344 2228 1609 2291 sagittarius

203 2323 313 2352 cum
336 2321 446 2353 arcu
472 2306 616 2353 telum
640 2324 722 2353 seu
746 2308 958 2371 sagittam
980 2307 1224 2370 igniferam
1249 2307 1310 2353 ad
1334 2315 1509 2353 tectum
1529 2322 1610 2351 cu·

258 2492 294 2526 1.
326 2487 440 2525 Louis
460 2487 506 2525 de
525 2487 797 2539 Luxembourg
814 2518 822 2535 ,
842 2496 965 2526 cointe
982 2488 1029 2526 de
1050 2487 1262 2527 Saint-Pol.

258 2551 295 2588 9..
327 2547 481 2586 Charles
500 2547 667 2584 d’Artois
683 2577 693 2593 ‚
714 2556 836 2584 comte
856 2546 967 2585 d'Eu.

261 2611 295 2645 3.
327 2610 380 2645 Le
400 2606 532 2657 ‹lepart
553 2607 599 2644 de
619 2614 714 2644 cette
732 2607 860 2644 armec
881 2616 944 2644 eut
964 2607 1039 2643 lieu
1060 2606 1095 2644 16
1116 2608 1137 2641 8
1158 2607 1260 2642 aoiit.

259 2671 296 2706 4.
329 2666 654 2704 Pont-Audemer.

260 2731 297 2766 5.
330 2726 519 2776 Foulques
547 2729 685 2763 Hetton
714 2734 750 2763 et
769 2725 922 2763 Osburn
944 2725 990 2762 de
1017 2724 1225 2768 Montf0rt‚
1251 2722 1430 2761 trcsorier
1450 2722 1496 2760 de
1517 2726 1614 2760 Nor-

208 2785 374 2824 mandie.

313 2864 327 2886 1
1379 2848 1427 2882 14
