2037 3442
410 289 457 324 78
790 286 1124 322 HISTORIARUM
1151 286 1330 321 CAROLI
1357 288 1425 322 VII

473 371 725 413 Carnotum
764 383 874 411 vero
912 365 1202 411 vaframento
1231 366 1338 411 satis
1371 366 1538 411 callido
1563 380 1801 431 receptum

407 453 475 489 est
495 447 520 487 ¹.
549 445 665 489 Nam
697 458 804 486 cum
839 442 949 486 illuc
986 458 1107 505 saepe
1137 442 1425 503 ingrediatur
1446 458 1669 487 curruum
1689 461 1803 506 qua—

406 519 737 580 drigarumque
771 516 1040 576 multitudo,
1073 518 1269 579 contigit
1291 517 1499 579 quodam
1523 517 1598 563 die
1618 528 1669 564 ut
1690 521 1804 581 qui-

406 594 515 639 dam
536 592 720 652 milites,
750 592 913 638 habitu
934 592 1117 655 plebeio
1141 602 1187 638 et
1208 593 1445 638 rusticano
1468 594 1609 638 armis
1634 594 1804 640 obtec—

406 669 493 727 tis,
539 685 732 714 currum
793 678 1016 714 onustum
1072 669 1332 731 aurigantes
1350 704 1361 724 ,
1411 684 1551 731 supra
1605 680 1803 733 pontem

404 747 653 811 levaticum
686 756 730 791 et
762 745 879 801 infra
912 755 1098 808 portam
1121 746 1234 790 dum
1259 745 1490 803 sisterent,
1515 745 1804 810 detectisque

406 823 567 885 gladiis
596 822 814 868 custodes
843 822 1287 885 portaejugularent,
1315 822 1447 882 signo
1472 821 1675 885 denique
1694 840 1804 869 cum

403 899 620 962 clangore
656 899 777 945 tubae
806 899 879 944 vel
912 915 1060 945 cornu
1096 899 1235 957 dato,
1270 908 1558 944 armatorum
1597 900 1800 962 copiam,

406 977 487 1038 qui
515 977 647 1038 juxta
681 986 866 1040 portam
904 976 950 1020 in
982 976 1215 1039 speluncis
1247 986 1292 1021 et
1328 975 1538 1021 cavernis
1561 974 1806 1022 latitabant

407 1063 524 1114 (erat
548 1055 671 1099 enim
698 1070 852 1110 mane,
876 1063 921 1098 et
939 1054 1182 1098 nocturnis
1201 1052 1294 1098 illic
1320 1051 1524 1098 tenebris
1544 1068 1640 1096 sese
1661 1068 1804 1097 occu-

405 1130 626 1194 luerant),
644 1131 768 1176 illico
789 1130 1098 1177 advocarunt.
1116 1130 1207 1186 Qui
1224 1146 1429 1193 propero
1446 1146 1605 1192 gressu
1623 1129 1804 1174 irruen-

406 1217 488 1267 tes,
517 1225 573 1254 eo
611 1208 755 1254 modo
791 1208 1026 1254 civitatem
1062 1217 1428 1271 occupaverunt.
1471 1207 1612 1268 Cujus
1636 1207 1702 1252 rei
1727 1223 1804 1252 ru-

406 1302 537 1331 more
572 1285 694 1332 illico
730 1285 1029 1349 pervolante,
1067 1301 1175 1330 cum
1213 1284 1408 1330 civitatis
1441 1284 1688 1348 episcopus
1724 1284 1804 1346 qui

404 1363 514 1408 satis
541 1363 772 1408 ferventer
795 1362 1003 1426 partibus
1038 1362 1292 1424 Anglorum
1332 1372 1379 1407 et
1418 1361 1804 1423 Burgundionum

404 1439 672 1486 adhaerebat
693 1442 721 1498 ²,
760 1439 917 1486 adhuc
940 1439 1100 1484 hostes
1123 1439 1339 1501 ejiciendi
1363 1456 1494 1502 spem
1519 1439 1721 1498 habens,
1755 1440 1801 1483 in

405 1517 544 1563 armis
567 1516 888 1580 deprehensus
911 1516 1084 1575 fuisset,
1105 1516 1262 1562 furore
1283 1516 1515 1574 saeviente,
1533 1525 1806 1578 peremptus

405 1605 494 1654 est3
524 1595 684 1641 civitas
722 1610 910 1657 quoque
947 1603 1060 1652 tota,
1089 1594 1267 1639 nemini
1301 1594 1498 1657 parcito,
1522 1593 1567 1638 in
1592 1593 1804 1655 rapinam

405 1671 814 1735 direptionemque
850 1669 1074 1715 militibus
1108 1670 1350 1733 permissa.
1389 1673 1497 1716 Erat
1523 1670 1648 1715 enim
1683 1669 1804 1714 fama

404 1748 497 1793 loci
531 1747 710 1793 incolas
749 1746 1006 1808 Anglorum
1053 1757 1204 1809 partes
1233 1757 1375 1809 atque
1417 1746 1802 1808 Burgundionum

405 1826 513 1871 satis
548 1824 844 1887 pertinaciter
878 1822 1176 1869 defendisse:
1204 1824 1333 1885 quod
1368 1823 1575 1887 plurium
1604 1840 1659 1868 ex
1692 1823 1802 1885 ipsis

404 1901 528 1948 caede
544 1901 879 1964 bonorumque
898 1901 1078 1962 jactura
1102 1910 1146 1946 et
1169 1901 1434 1964 perditione
1457 1902 1518 1946 ita
1543 1902 1607 1947 eis
1631 1901 1802 1946 exstitit

404 1989 720 2042 repensatum.

470 2057 773 2118 Occuparunt
800 2055 940 2100 etiam
969 2054 1055 2117 ipsi
1086 2054 1266 2111 Franci,
1293 2071 1376 2118 per
1399 2064 1630 2099 nocturna
1656 2052 1803 2098 silen-

404 2133 482 2193 tia,
511 2133 739 2197 oppidum
763 2131 894 2195 quod
918 2131 1212 2176 Locusveris3
1236 2130 1422 2188 dicitur,
1450 2147 1477 2176 a
1507 2130 1801 2191 Rothomago

403 2220 582 2274 septem
604 2208 938 2255 tantummodo
970 2208 1114 2252 leucis
1139 2207 1342 2264 distans,
1369 2217 1415 2252 et
1446 2208 1493 2252 in
1519 2224 1574 2253 eo
1601 2206 1801 2252 validam

402 2297 692 2334 armatorum
716 2285 1027 2332 munitionem
1055 2285 1343 2343 locaverunt,
1372 2283 1498 2329 unde
1521 2299 1659 2346 agros
1685 2286 1801 2328 Nor-

404 2364 604 2410 manniae
638 2363 848 2426 quotidie
884 2362 1189 2418 incursantes,
1211 2360 1464 2423 provinciae
1495 2360 1668 2406 damna
1699 2360 1802 2423 plu-

458 2470 495 2506 1.
526 2467 839 2512 Anachronisme,
861 2465 897 2502 le
924 2472 1213 2502 recouvrement
1234 2464 1280 2501 de
1303 2464 1478 2503 chartres
1505 2473 1559 2502 est
1586 2464 1637 2501 du
1659 2466 1681 2500 2
1707 2463 1802 2501 avril

406 2528 521 2563 1432.

458 2589 496 2625 2.
534 2605 548 2619 «
580 2588 731 2625 Maistre
762 2587 882 2625 Jehan
916 2585 962 2623 de
986 2585 1180 2634 Festigny,
1210 2585 1307 2622 natis
1333 2585 1379 2623 de
1410 2588 1684 2636 Bourgongne,
1720 2584 1802 2621 leur

403 2645 581 2695 evesque.
608 2663 623 2677 ›·
650 2646 882 2692 Monstrelet,
903 2645 928 2681 l.
952 2648 1003 2691 II,
1025 2658 1057 2681 c.
1076 2657 1195 2680 cxvn.

460 2707 495 2741 3.
522 2704 718 2743 Louviers.
752 2707 854 2741 Cette
884 2703 975 2740 ville
1007 2702 1063 2739 fut
1085 2702 1251 2752 surprise
1280 2716 1349 2753 par
1367 2707 1420 2740 La
1449 2702 1540 2739 Hire
1558 2715 1606 2739 au
1633 2700 1727 2738 mois
1753 2698 1799 2736 de

404 2765 553 2813 janvier
576 2766 691 2801 1430.
