2037 3442
714 337 857 372 LIBER
884 337 1105 383 QUINTUS.
1544 338 1619 373 323

222 431 323 475 quae
358 415 403 460 in
442 433 489 461 se
526 418 725 463 invicem
760 418 900 463 iidem
935 419 1102 464 milites
1135 419 1508 477 committerent,
1539 436 1622 483 per

223 491 465 551 magistros
488 508 541 537 ac
564 493 707 538 duces
730 493 931 538 militum
954 495 1248 556 punirentur.

285 568 444 612 Curias
468 585 707 630 supremas
732 569 861 629 regni
892 570 987 626 sui,
1016 570 1249 632 praecipue
1273 570 1399 615 illam
1426 587 1623 617 venera-

221 642 361 687 bilem
400 644 578 688 curiam
617 645 895 690 Parlamenti
939 645 1231 704 Parisiensis‚
1271 655 1315 690 et
1354 646 1541 692 colebat
1579 657 1624 693 et

220 720 466 781 diligebat,
508 721 715 766 studium
750 722 984 767 adhibens
1016 731 1066 766 ut
1099 723 1282 768 idoneis
1310 725 1552 785 personis,
1580 735 1623 770 et

220 797 277 841 de
302 797 408 842 fidei
431 798 686 858 integritate
705 798 918 860 jurisque
943 798 1107 861 peritia
1132 808 1176 843 et
1205 799 1453 861 probitatis
1481 802 1624 845 mori-

221 872 308 917 bus
353 874 717 930 commendatis,
768 875 956 919 easdem
1004 874 1219 938 impleret
1241 913 1250 931 ‚
1299 886 1343 921 et
1388 877 1625 939 aliquibus

219 950 564 1008 deficientibus,
594 952 920 1014 hujuscemodi
945 953 1224 998 meritorum
1250 953 1364 998 alios
1387 953 1623 1000 sufficeret

221 1037 362 1089 atque
384 1028 673 1089 subrogaret.

286 1107 455 1150 Curam
478 1106 614 1150 etiam
639 1104 806 1150 habuit
830 1104 952 1167 leges
978 1114 1021 1150 et
1048 1106 1407 1151 constitutiones
1433 1106 1623 1165 edendi,

222 1180 293 1224 vel
318 1181 464 1226 editas
500 1181 611 1226 olim
639 1182 684 1226 in
709 1180 873 1226 melius
897 1181 1212 1238 reformandi,
1239 1199 1335 1244 quo
1360 1182 1548 1227 brevior
1578 1192 1624 1228 et

221 1257 606 1320 compendiosior
644 1258 690 1302 in
723 1257 900 1303 eisdem
934 1258 1073 1303 curiis
1105 1275 1352 1304 causarum
1388 1259 1626 1322 expeditio

223 1331 321 1378 lieri
347 1336 542 1396 posset¹,
573 1351 681 1380 cum
715 1334 773 1379 de
796 1334 1097 1397 dispendiosa
1130 1336 1267 1380 nimis
1296 1345 1341 1380 et
1373 1352 1504 1398 paene
1543 1337 1627 1381 im-

222 1409 408 1454 mortali
433 1410 581 1456 litium
608 1411 967 1473 prorogatione,
994 1412 1041 1456 in
1068 1412 1167 1474 ipsa
1192 1412 1321 1457 curia
1346 1412 1628 1458 Pal-lamenti

221 1486 623 1546 introductarum,
650 1488 865 1532 universa
890 1488 1017 1548 regio
1042 1498 1335 1549 quereretur.³

287 1565 336 1606 ln
381 1579 483 1607 reos
520 1564 661 1609 etiam
703 1580 985 1625 magnorum
1030 1564 1285 1608 criminum
1328 1563 1451 1608 mitis
1488 1573 1629 1627 atque

220 1637 609 1683 clementissimus
654 1638 766 1696 fuit,
813 1649 885 1691 et,
932 1640 1184 1702 plusquam
1230 1638 1419 1701 publica
1467 1639 1622 1685 forsan

222 1725 492 1778 exposceret
518 1716 703 1772 utilitas,
725 1732 843 1777 saepe
868 1716 1117 1760 criminum
1143 1716 1338 1777 gratiam
1362 1715 1484 1761 fecit.
1506 1718 1625 1762 Duci

224 1791 488 1848 Alenconii,
531 1792 749 1837 convicto
782 1801 826 1837 et
865 1791 910 1835 in
943 1791 1048 1852 jure
1088 1790 1301 1836 confesso
1327 1790 1458 1852 quod
1500 1808 1626 1836 non-

223 1868 378 1913 nullos
402 1868 459 1914 de
484 1868 738 1930 majoribus
760 1868 1034 1932 proceribus
1059 1862 1430 1931 ac'principibus
1455 1869 1627 1930 Anglo·

225 1961 328 1989 rum
354 1945 638 1990 sollicitasset
661 1945 719 1991 de
746 1944 1064 2007 aggrediendo
1100 1944 1464 2002 Normanniam,
1490 1945 1630 2008 polli—

225 2022 343 2066 citus
388 2021 562 2066 eisdem
608 2021 738 2082 quod
792 2022 836 2066 in
887 2021 1063 2084 oppida
1112 2030 1157 2066 et
1202 2030 1352 2066 castra
1399 2030 1627 2066 terrarum

225 2115 415 2143 suarum
455 2115 536 2143 eos
570 2099 834 2144 admitteret
878 2108 922 2143 et
961 2115 1015 2143 ea
1054 2098 1164 2160 ipsis
1208 2097 1438 2152 traderet,
1485 2098 1627 2143 vitam

225 2174 447 2233 donavit,
475 2192 583 2219 cum
611 2184 794 2231 tamen,
824 2175 869 2219 in
897 2174 1096 2219 solemni
1121 2174 1412 2236 parlamento
1438 2184 1631 2237 propter

224 2251 316 2296 hoc
339 2268 364 2296 a
381 2268 428 2296 se
448 2261 731 2313 congregato
757 2251 882 2314 apud
906 2251 1225 2295 Vindocinum
1251 2249 1482 2312 oppidum
1498 2252 1526 2308 ²,
1547 2268 1631 2313 per

225 2345 360 2391 pares
384 2329 585 2373 Franciae
615 2338 660 2373 et
683 2338 874 2373 caeteros
906 2327 998 2372 illic
1030 2327 1076 2372 in
1115 2343 1285 2388 magno
1312 2343 1512 2372 numero
1536 2327 1630 2372 col-

225 2406 369 2452 lectos
387 2406 513 2451 velut
532 2407 646 2451 laesae
674 2405 923 2467 majestatis
946 2422 1051 2450 reus
1078 2404 1422 2450 condemnatus
1450 2404 1627 2450 fuisset.

230 2484 479 2529 Ferebatur
493 2483 618 2529 enim
636 2484 682 2528 in
702 2499 832 2528 suam
852 2482 1202 2528 excusationem
1220 2480 1442 2526 eumdem
1460 2480 1629 2526 ducem

281 2634 317 2668 1.
350 2631 439 2668 Voir
455 2630 727 2668 l'ordonnance
745 2644 790 2667 en
809 2632 882 2667 1⁶25
900 2629 1047 2667 articles
1068 2627 1212 2666 rendue
1229 2642 1328 2678 pour
1348 2628 1383 2665 la
1403 2628 1568 2665 rc'forme
1587 2627 1632 2666 de

226 2691 262 2727 la
278 2690 426 2737 justice,
445 2704 489 2727 en
514 2690 607 2726 avril
632 2692 731 2726 1454
745 2721 754 2736 ,
771 2698 806 2725 et
826 2689 861 2726 le
883 2689 1092 2740 reglement
1113 2701 1211 2738 pour
1231 2687 1284 2724 les
1305 2687 1443 2738 grands
1459 2687 1566 2734 jours
1586 2686 1629 2723 dc

228 2750 387 2786 Poitiers
402 2749 497 2786 etde
514 2748 787 2788 Montserrand.
802 2750 954 2784 Recuez'l
964 2750 1028 2783 cles
1048 2748 1159 2793 Ord.,
1175 2754 1202 2786 t.
1221 2748 1324 2794 XIV,
1341 2760 1378 2796 p.
1397 2748 1473 2784 284
1489 2755 1525 2783 et
1540 2747 1607 2783 331
1622 2777 1630 2786 ,

280 2810 318 2844 2.
350 2813 408 2845 Au
428 2808 524 2844 mois
544 2807 673 2844 d’aoiit
694 2808 810 2844 1458.
