2037 3442
740 362 882 396 LIBER
911 362 1104 400 PRIMUS.
1565 363 1612 397 30

298 442 650 497 Verumtamen,
683 442 798 486 sicut
831 458 885 486 ex
911 441 1305 486 Aurelianensium
1338 441 1469 486 ducis
1502 458 1614 486 nece

228 532 367 577 supra
396 517 652 572 retulimus,
682 518 746 562 sic
779 534 831 562 ex
860 518 943 562 ista
963 518 1163 562 maxima
1191 518 1237 562 in
1265 518 1451 578 regione
1478 521 1615 563 Fran-

228 607 393 636 corum
427 593 630 638 turbatio
664 604 706 639 et
747 594 1024 639 detrimenta
1070 604 1413 657 provenerunt,
1450 611 1614 657 quem-

228 666 488 712 admodum
512 679 563 714 ut
586 686 638 714 ex
657 670 775 715 infra
792 671 1002 715 dicendis
1027 670 1205 732 liquido
1227 670 1486 732 apparebit.
1510 671 1618 715 Phi·

228 743 381 806 lippus
413 761 607 808 nempe,
640 746 760 791 filius
784 747 899 808 ejus,
930 747 998 791 vir
1029 747 1188 807 utique
1219 747 1375 806 magni
1404 747 1548 791 animi
1574 757 1619 792 et

230 820 274 863 in
300 819 456 878 rebus,
485 831 583 866 tum
604 822 739 878 belli,
767 832 866 866 tum
889 823 1014 884 pacis
1032 861 1042 877 ,
1066 821 1447 867 administrandis
1471 832 1516 867 et
1542 839 1619 884 ge-

229 897 384 942 rendis
409 899 660 945 industrius
676 936 686 956 ,
714 909 807 945 tam
828 898 1065 944 crudelem
1089 914 1251 943 necem
1276 899 1418 961 patris
1443 908 1488 943 et
1510 899 1621 944 cha-

228 973 394 1018 rissimi
418 976 639 1036 genitoris
662 976 731 1020 sui
761 976 897 1020 nimis
922 975 1111 1035 indigne
1138 974 1314 1031 ferens,
1338 974 1397 1020 ad
1420 991 1523 1020 eam
1549 976 1621 1021 ul-

227 1051 489 1096 ciscendam
522 1052 824 1097 vehementer
863 1051 1072 1096 animum
1101 1050 1323 1106 intendit,
1365 1067 1413 1096 se
1453 1052 1622 1113 Anglo-

229 1143 330 1170 rum
362 1127 452 1188 regi
488 1128 713 1190 copulans
741 1136 786 1172 et
816 1127 988 1172 foedere
1016 1127 1282 1171 firmissimo
1312 1126 1618 1182 devinciens¹‚

226 1202 334 1246 licet
362 1203 420 1246 ad
451 1219 613 1249 verum
643 1214 823 1250 constet
851 1205 914 1249 eis
938 1221 1184 1266 nunquam
1208 1213 1334 1250 tanta
1359 1206 1621 1268 praestitisse

227 1278 393 1323 auxilia
410 1279 630 1326 adversus
652 1284 869 1339 Francos,
891 1291 1063 1343 quanta
1082 1281 1210 1327 facile
1228 1282 1469 1345 potuisset.
1497 1285 1619 1328 Con-

228 1362 294 1397 tra
327 1370 407 1398 eos
431 1365 587 1401 tamen
612 1373 709 1401 non
734 1356 877 1402 modo
904 1356 1018 1402 fines
1046 1373 1154 1402 suos
1176 1367 1362 1403 strenue
1386 1357 1616 1417 defendit,

228 1446 389 1475 verum
414 1432 553 1477 etiam
584 1449 717 1494 agros
739 1444 783 1479 et
806 1443 949 1479 terras
973 1450 1166 1478 suorum
1190 1434 1488 1480 inimicorum
1520 1452 1623 1496 gra-

230 1504 362 1551 vibus
384 1524 503 1570 saepe
527 1509 817 1555 detrimentis
835 1520 974 1572 atque
995 1509 1180 1555 damnis
1203 1510 1371 1556 affecit.

292 1583 453 1643 Unde,
486 1602 593 1630 cum
618 1585 759 1631 duces
783 1586 998 1631 nonnulli
1023 1602 1129 1630 cuni
1157 1602 1327 1647 magno
1351 1588 1536 1649 agmine
1569 1587 1622 1632 il-

226 1658 380 1703 lorum
419 1661 496 1722 qui
530 1663 789 1708 Armeniaci
830 1662 1124 1719 dicebantur,
1164 1663 1366 1724 aggressi
1393 1663 1620 1726 populare

228 1745 369 1781 terras
387 1753 510 1794 suas,
534 1737 593 1782 ad
619 1739 878 1784 Picardiam
901 1749 1154 1795 venerunt,
1182 1756 1331 1802 prope
1356 1739 1512 1786 villam
1537 1758 1618 1786 seu

227 1813 456 1876 oppidum
487 1816 916 1873 Sancti-Ri011a1=ii2‚
939 1817 1211 1862 conflictum
1244 1816 1352 1861 satis
1383 1817 1620 1880 periculo-

227 1906 331 1934 sum
355 1890 535 1937 habuit.
561 1893 700 1954 Cujus
724 1893 831 1938 licet
854 1894 984 1938 initio
1011 1892 1255 1954 ambiguus
1279 1903 1322 1938 et
1345 1909 1517 1957 anceps
1546 1894 1621 1939 fu—

227 1976 359 2012 turus
396 1967 632 2013 videretur
669 1970 842 2027 exitus,
879 1986 1005 2014 nunc
1030 1986 1144 2023 una,
1179 1986 1306 2014 nunc
1341 1969 1483 2016 altera
1513 1988 1620 2034 par-

227 2043 342 2087 tium
378 2043 580 2089 vicissim
611 2045 824 2091 hostibus
858 2046 1023 2092 cedere
1059 2045 1413 2109 incipientibus,
1449 2047 1497 2092 in
1529 2047 1620 2093 fine

228 2127 403 2175 tamen,
431 2136 539 2165 cum
563 2121 672 2166 satis
692 2138 864 2183 magno
889 2121 1096 2167 hostium
1119 2122 1314 2180 damno,
1345 2123 1494 2168 victor
1517 2140 1622 2169 eva-

227 2194 310 2252 sit,
345 2195 518 2241 eisdem
543 2198 712 2260 partim
753 2199 903 2255 caesis,
933 2199 1101 2261 partim
1131 2198 1242 2243 fusis
1266 2208 1310 2244 et
1336 2198 1423 2243 sibi
1445 2216 1529 2262 per
1553 2200 1621 2244 su-

228 2286 332 2332 gam
380 2273 685 2317 necessariam
731 2274 1103 2320 consulentibus.
1150 2277 1406 2334 Ferturque
1453 2275 1499 2319 in
1543 2275 1622 2320 illo

228 2347 391 2409 proelio
418 2348 549 2393 miles
570 2349 776 2406 effectus,
805 2367 912 2395 cum
934 2351 1112 2414 primus
1137 2351 1212 2396 ille
1236 2352 1483 2397 conflictus
1507 2352 1624 2398 foret

226 2423 272 2468 in
298 2440 393 2485 quo
416 2434 648 2469 armatum
671 2442 778 2470 eum
800 2427 1060 2472 interfuisse
1085 2427 1390 2488 contigisset&

283 2522 315 2555 1.
348 2520 438 2556 Voir
461 2520 514 2556 les
534 2529 670 2557 termes
693 2521 888 2560 furibonds
908 2523 954 2559 de
982 2536 1024 2560 ce
1043 2523 1150 2560 traite
1171 2525 1235 2569 (025
1265 2522 1466 2560 decembre
1491 2527 1623 2572 1419),

226 2579 421 2627 rapportes
451 2592 496 2615 en
521 2579 639 2629 partie
660 2580 808 2631 d’apres
835 2581 1022 2632 l'original
1054 2583 1118 2619 des
1150 2583 1321 2620 archives
1341 2584 1386 2620 de
1406 2583 1501 2621 Lille
1518 2613 1528 2630 ,
1557 2598 1626 2635 par

226 2640 276 2673 M.
302 2639 459 2687 Kervyn
479 2638 526 2674 de
548 2639 797 2686 Lettenhove,
815 2645 978 2678 Histoire
991 2644 1038 2677 cle
1054 2645 1229 2689 Flandre,
1248 2643 1272 2680 l.
1299 2645 1379 2680 XV.

278 2697 314 2731 2.
348 2697 502 2734 Bataille
524 2697 570 2733 de
591 2697 890 2748 Saintv-Riquier,
916 2699 951 2736 le
972 2703 1013 2737 31
1041 2701 1129 2737 amit
1155 2703 1268 2738 1421.

279 2758 314 2790 3.
347 2757 396 2791 Ce
435 2756 669 2805 paragraphe
707 2765 762 2793 est
799 2758 921 2794 insere
958 2758 1051 2795 dans
1083 2758 1135 2796 les
1164 2763 1329 2795 Annales
1364 2764 1549 2798 Flanclriae
1580 2762 1626 2799 de

224 2815 368 2861 Meyer,
393 2814 416 2850 Ι.
439 2817 540 2851 XVI.
