2037 3442
758 242 899 277 LIBER
925 241 1163 288 QUARTUS.
1598 240 1614 275 1
1625 240 1672 275 67

284 324 384 383 fuit,
412 339 520 368 cum
544 340 628 386 per
649 339 771 384 eam,
800 325 865 370 sic
888 324 936 369 in
961 323 1173 369 debitum
1197 322 1410 369 ordinem
1433 332 1480 367 et
1504 322 1564 367 ad
1592 322 1674 366 mi-

282 399 462 445 litarem
502 400 795 464 disciplinam
833 400 1099 460 redactam,
1143 402 1328 447 fuerunt
1368 399 1672 465 postmodum

282 489 451 526 cuncta
481 490 751 543 recuperata
783 497 884 543 quae
906 481 965 527 ab
1001 480 1228 543 Anglicis,
1255 490 1351 527 tam
1375 481 1422 525 in
1450 483 1674 525 Norman·

282 556 358 600 nia
387 572 529 617 quam
558 557 605 601 in
638 558 913 620 Aquitania,
940 557 1316 621 possidebantur,
1348 558 1528 620 ipsique
1561 556 1672 602 inde

279 649 470 695 prorsus
494 644 538 680 et
569 636 666 681 sine
695 652 865 697 magno
894 635 1082 697 negotio
1106 635 1227 698 pulsi
1250 644 1295 679 et
1318 634 1506 695 dejecti,
1532 642 1673 697 prout

280 725 365 755 suo
389 710 554 757 ordine
578 713 624 757 in
647 711 1040 774 consequentibus
1064 711 1331 757 referemus.

343 788 532 834 Delecta
554 799 709 834 autem
733 790 780 834 in
805 789 931 834 hunc
957 787 1155 833 modum
1179 785 1364 842 militia,
1396 793 1442 829 et
1465 784 1670 846 descrip-

280 863 405 908 tione
430 880 512 926 per
545 881 653 909 suos
676 880 898 909 numeros
928 864 1072 923 facta,
1104 862 1282 924 reliqua
1313 859 1564 905 multitudo
1597 875 1671 904 ar-

279 950 532 999 matorum,
558 958 659 1003 quar
681 957 822 1003 supra
845 939 1170 1001 hujuscemodi
1196 952 1447 983 numerum
1470 936 1671 981 maxima

277 1027 405 1074 erat7
443 1017 596 1062 edicto
631 1016 771 1078 regali
800 1017 928 1078 jussa
959 1025 1026 1061 est
1065 1016 1124 1061 ab
1154 1016 1293 1061 armis
1325 1012 1584 1070 discedere,
1623 1021 1669 1056 et

277 1091 466 1137 cuilibet
493 1102 776 1155 praeceptum
805 1092 966 1137 datum
997 1100 1045 1136 ut
1079 1089 1140 1136 ad
1181 1090 1379 1135 domum
1417 1104 1549 1134 suam
1588 1097 1669 1133 aut

276 1167 413 1224 alias,
460 1185 556 1230 quo
594 1168 756 1227 vellet,
797 1166 1185 1230 proficisceretur,
1220 1166 1292 1212 vel
1329 1165 1425 1210 ruri
1467 1163 1667 1209 colendo

276 1259 468 1306 operam
494 1244 710 1305 daturus,
739 1245 811 1290 vel
833 1245 919 1290 arti
937 1244 1075 1289 alicui
1094 1243 1241 1303 licite,
1266 1244 1303 1288 si
1325 1259 1429 1288 eam
1450 1241 1662 1298 liaberet,

275 1329 550 1379 vacaturus,
591 1330 670 1367 aut
702 1321 895 1382 alicujus
930 1320 1110 1366 domini
1145 1320 1383 1365 servitium
1418 1320 1661 1382 petiturus.

276 1400 381 1452 Quo
410 1398 562 1444 edicto
587 1399 854 1462 proposito,
881 1399 1034 1444 statim
1057 1406 1156 1443 tota
1181 1396 1259 1442 illa
1291 1396 1478 1459 grandis
1511 1395 1666 1441 multi-

273 1473 388 1519 tudo
421 1475 480 1519 ad
504 1475 684 1522 diversa
717 1491 858 1538 opera
893 1491 940 1519 se
969 1473 1197 1531 contulit,
1233 1483 1277 1519 et
1301 1473 1507 1519 diversas
1534 1472 1665 1534 regni

272 1553 566 1614 provincias,
594 1554 721 1599 unde
755 1554 951 1616 quisque
982 1552 1053 1597 vel
1075 1551 1280 1598 habebat
1303 1552 1556 1612 originem,
1585 1559 1663 1595 aut

272 1628 351 1674 ubi
385 1630 582 1675 modum
605 1631 676 1675 vel
699 1631 952 1693 practicam
974 1629 1177 1692 aliquam
1200 1628 1388 1673 vivendi
1418 1628 1659 1690 reperiret,

271 1722 318 1751 se
350 1706 534 1752 reduxit
553 1745 564 1762 ‚
593 1706 768 1768 absque
789 1705 882 1753 hoc
905 1705 1033 1768 quod
1053 1704 1200 1750 turbae
1223 1704 1387 1766 aliquae
1410 1704 1662 1750 seditioso-

270 1798 375 1827 rum
409 1793 454 1828 et
485 1784 803 1846 inquietorum
830 1783 1078 1828 hominum
1117 1782 1303 1841 fierent,
1350 1781 1660 1843 quemadmo-

269 1858 383 1904 dum
420 1876 539 1924 saepe
580 1861 628 1905 in
666 1859 896 1906 similibus
936 1859 1117 1907 casibus
1148 1868 1333 1905 constat
1371 1859 1511 1905 fuisse
1546 1875 1662 1922 prae-

268 1948 523 2000 sumptum.

334 2014 536 2060 Redacta
562 2023 716 2060 autem
745 2015 808 2060 sic
837 2032 919 2078 per
952 2031 1172 2061 numeros
1197 2014 1422 2060 diffinitos
1452 2025 1497 2060 et
1523 2015 1659 2060 certis

268 2090 466 2135 ducibus
492 2092 633 2136 totius
667 2092 795 2154 regni
826 2091 1010 2149 militia,
1051 2110 1133 2156 per
1161 2093 1364 2155 singulas
1396 2092 1659 2154 provincias

267 2166 514 2213 distributa
550 2177 640 2225 est,
683 2177 734 2213 ut
766 2168 980 2231 quaelibet
1022 2170 1152 2231 regni
1191 2168 1486 2233 portiuncula
1527 2184 1660 2213 suam

266 2242 460 2288 haberet
483 2255 694 2307 quotam,
718 2245 766 2290 in
790 2263 880 2308 qua
905 2247 975 2292 vel
995 2257 1201 2306 centum,
1227 2247 1298 2292 rel
1314 2244 1526 2308 pluribus
1543 2262 1658 2308 pau-

266 2319 530 2365 cioribusve
552 2321 763 2379 lanceis¹,
786 2322 1044 2369 secundum
1069 2323 1371 2387 capacitatem
1398 2323 1658 2369 facultates-

265 2412 356 2458 que
385 2395 627 2456 locorum,
660 2397 978 2461 praeberentur
1013 2400 1216 2463 hospitia
1247 2416 1353 2444 cum
1386 2399 1658 2462 supellectili

265 2474 540 2519 necessaria.
571 2477 717 2520 Porro
744 2492 868 2534 cum7
895 2476 1028 2521 initio
1054 2492 1148 2539 quo
1172 2476 1446 2538 hujusmodi
1470 2476 1589 2522 ordo
1615 2486 1658 2521 et

263 2551 446 2595 numeri
488 2551 687 2597 militum
718 2553 876 2598 statuti
907 2563 1043 2610 sunt,
1080 2563 1209 2598 tanta
1251 2563 1367 2598 esset
1403 2553 1654 2614 exiguitaS,

316 2664 351 2697 1.
380 2665 483 2700 Dans
503 2664 537 2700 le
556 2665 760 2702 manuscrit
786 2683 800 2697 «
825 2667 862 2702 in
884 2678 996 2714 quam
1018 2666 1079 2703 vel
1101 2674 1251 2704 centum
1271 2666 1331 2703 vel
1352 2665 1479 2715 plures
1499 2665 1653 2714 paucio-

262 2732 369 2757 resve
388 2721 539 2759 lanceae.
560 2741 573 2754 υ
