2037 3442
690 295 834 330 LIBER
860 293 1055 331 PRIMUS.
1531 293 1574 328 31

180 376 424 422 monachis
442 376 516 422 vel
542 376 888 436 sacerdotibus,
916 393 998 422 seu
1021 375 1278 434 nobilitati,
1306 374 1386 420 illo
1412 374 1580 421 crude-

178 455 353 502 lissimo
392 456 548 502 furore
580 466 931 520 percurrentes,
961 456 1192 502 ullatenus
1223 455 1454 519 parcitum
1480 465 1576 514 est3

179 534 261 579 sed
280 544 459 597 quanto
484 535 647 580 altiore
664 534 901 597 dignitatis
924 533 1163 580 clarebant
1185 534 1342 593 titulo,
1368 533 1405 578 si
1426 536 1581 579 Arme-

179 611 425 657 niacorum
446 611 651 658 fautores
670 612 807 657 fuisse
826 611 1109 667 dicerentur,
1129 620 1258 655 tanto
1273 610 1418 672 magis
1435 611 1482 655 in
1501 627 1581 656 eos

179 688 339 733 saevire
360 688 437 734 illa
459 688 779 752 efferatissima
803 688 1078 734 sicariorum
1101 685 1238 732 turba
1257 685 1513 748 quaerebat,
1536 697 1581 732 et

178 767 436 829 praesertim
451 768 485 812 si
504 767 644 812 etiam
662 783 760 812 rem
773 762 1344 826 familiaremlocupletem
1355 772 1400 808 et
1411 764 1580 809 domos

179 841 318 888 bonis
352 843 545 889 refertas
577 843 753 889 habere
788 851 1083 906 putarentur.
1125 840 1261 886 Caesis
1298 840 1426 885 enim
1460 857 1581 903 quos

178 919 424 979 volebant,
453 921 622 966 domos
652 935 905 976 caesorum,
937 917 1114 980 absque
1146 915 1242 961 ullo
1273 916 1464 974 ordine,
1491 934 1579 980 pro

177 995 312 1041 libito
331 997 632 1061 diripiebant,
648 1006 692 1042 et
709 1005 902 1060 propter
922 993 1230 1058 praedasinter
1244 991 1327 1056 [se]
1342 993 1581 1040 decertan-

179 1081 246 1118 tes
269 1089 323 1119 ac
341 1073 640 1132 dimicantes,
660 1090 757 1119 sese
780 1073 920 1119 etiam
938 1070 1198 1128 interdum,
1224 1070 1370 1116 instar
1391 1070 1580 1117 rabido-

178 1165 283 1194 rum
308 1166 498 1208 canum,
526 1150 793 1197 lacerabant
815 1159 862 1195 et
881 1147 1191 1212 perimebant.

241 1228 298 1270 Et
326 1226 512 1272 duravit
535 1227 726 1290 quidem
753 1227 852 1272 haec
874 1226 1015 1290 pestis
1037 1226 1085 1271 in
1109 1224 1185 1270 illa
1213 1225 1338 1287 regia
1361 1224 1476 1271 urbe
1495 1242 1579 1290 per

177 1300 276 1347 dies
306 1301 558 1365 plurimos,
593 1304 669 1348 cui
700 1303 993 1348 honestiores
1028 1301 1178 1359 civeS,
1210 1301 1383 1363 quibus
1416 1318 1471 1348 ea
1505 1319 1578 1349 res

177 1378 478 1426 vehementer
489 1380 778 1445 displicebat,
790 1390 834 1427 et
847 1380 1011 1426 terrori
1023 1389 1162 1442 atque
1176 1379 1365 1425 horrori
1377 1381 1578 1428 maxime

175 1466 295 1515 erat,
321 1458 585 1503 remedium
618 1475 714 1504 non
745 1467 964 1522 poterant
991 1456 1244 1517 adhibere;
1280 1456 1436 1503 donec
1464 1475 1578 1505 con—

175 1533 297 1578 sulto
333 1533 607 1596 hujusmodi
645 1536 920 1581 sicariorum
944 1534 1099 1590 turba,
1126 1533 1187 1580 ad
1210 1535 1576 1597 expugnandum

174 1609 418 1671 quoddam
438 1623 659 1670 castrum,
675 1613 951 1670 mitteretur,
968 1628 1066 1657 non
1083 1611 1223 1673 longe
1243 1611 1301 1657 ab
1317 1611 1433 1657 urbe
1446 1615 1477 1671 ¹,
1496 1612 1577 1659 ubi

175 1703 346 1749 magna
377 1705 546 1735 manus
577 1706 769 1747 eorum,
804 1689 886 1752 qui
908 1687 1168 1734 Armeniaci
1197 1688 1572 1752 appellabantur,

173 1765 456 1822 consistens,
495 1766 643 1812 multa
677 1766 946 1829 gravamina
980 1765 1140 1828 patriae
1172 1774 1218 1810 et
1257 1764 1364 1810 urbi
1405 1765 1577 1813 inferre

174 1856 271 1886 non
304 1842 531 1889 cessabat.
560 1846 667 1899 Quo
692 1843 797 1890 loco
831 1842 1002 1908 partim
1038 1842 1162 1900 caesi,
1197 1842 1368 1905 partim
1400 1842 1489 1889 fusi
1521 1859 1576 1890 ac

173 1917 395 1982 dispersi,
424 1937 532 1968 cum
555 1937 722 1967 eorum
745 1920 952 1983 reliquiae
974 1918 1035 1965 ad
1058 1918 1225 1965 urbem
1255 1929 1420 1983 postea
1444 1920 1576 1967 redi-

173 2005 294 2055 rent,
312 1998 554 2059 provisum
568 2008 654 2057 est,
665 2015 725 2044 ne
742 2007 870 2044 tanta
887 1997 974 2055 eis,
992 2005 1042 2042 ut
1055 2006 1208 2055 antea,
1225 1997 1576 2061 permitteretur

174 2069 374 2119 licentia.
405 2076 460 2120 Et
483 2076 550 2122 sic
585 2074 810 2139 paulatim
831 2090 996 2120 omnes
1022 2090 1153 2137 paene
1185 2073 1251 2119 illi
1279 2075 1574 2122 exterminati

172 2146 375 2195 fuerunt.

235 2226 428 2272 Intravit
450 2228 590 2274 etiam
612 2238 719 2292 post
742 2227 840 2273 haec
871 2227 1038 2274 urbem
1063 2228 1452 2292 Burgundionum
1476 2228 1572 2274 dux

171 2304 421 2360 Joannes‘2,
449 2305 555 2366 qui,
583 2321 692 2351 cum
723 2303 931 2367 quodam
965 2304 1067 2364 die,
1108 2321 1192 2368 per
1212 2305 1343 2350 vicos
1377 2305 1573 2351 civitatis

171 2395 295 2442 equo
332 2390 516 2439 vectus,
562 2381 752 2428 obviam
799 2381 1038 2428 habuisset
1076 2391 1303 2428 tortorem
1342 2382 1566 2441 civitatis,

170 2467 488 2518 cognomento
519 2458 801 2520 Casaeluclee,
824 2458 983 2505 'multa
1015 2458 1253 2505 dictorum
1295 2460 1569 2506 sicariorum

221 2598 258 2634 1.
291 2597 321 2634 Il
346 2597 455 2649 s'agit
483 2597 535 2634 du
561 2597 721 2635 chateau
756 2598 803 2635 de
830 2598 1060 2648 Montlhery.
1092 2601 1186 2649 Voy.
1225 2599 1262 2636 le
1289 2602 1452 2636 Journal
1477 2599 1568 2637 cl'un

168 2655 357 2705 bourgeois
371 2659 419 2693 de
437 2660 563 2703 PariS,
587 2659 678 2694 aoslt
697 2660 813 2695 1418.

221 2716 258 2750 2.
289 2715 463 2753 L'entrce
477 2715 529 2752 du
543 2715 615 2752 duc
633 2715 680 2753 de
699 2718 927 2768 Bourgogne
946 2717 1098 2755 eutlieu
1120 2718 1156 2755 le
1174 2720 1223 2755 44
1238 2718 1375 2766 juillet,
1398 2719 1486 2770 cinq
1505 2732 1568 2758 se-

167 2774 310 2813 maines
328 2784 443 2813 avant
459 2775 494 2813 le
508 2775 642 2826 depart
660 2775 707 2813 de
721 2776 967 2827 l’expedition
990 2777 1036 2814 de
1054 2777 1282 2828 Montlhery.
1305 2777 1405 2818 Ibid.
