2037 3442
395 260 416 294 9
424 260 443 292 4
781 252 1119 289 HISTORIARUM
1148 248 1327 286 CAROLI
1363 252 1428 285 VII

394 337 685 383 deditionem
725 333 927 393 adigere.
978 331 1046 375 Ad
1081 330 1211 392 quod
1247 346 1355 374 cum
1390 329 1597 392 plurium
1645 350 1795 379 anno-

393 429 498 457 rum
524 411 725 456 decursu
748 407 1088 464 intendissent,
1123 422 1278 468 neque
1315 405 1586 452 obsidiones
1605 445 1616 467 ,
1643 425 1797 473 neque

393 488 615 533 militares
657 484 886 530 exercitus
927 484 975 528 in
1014 483 1174 528 castris
1207 492 1445 541 tenentes,
1497 483 1578 528 sed
1620 501 1676 529 ex
1714 501 1798 548 op—

393 565 514 628 pidis
537 573 582 609 et
606 563 767 607 castris
799 577 925 623 quae,
952 577 1032 606 seu
1057 577 1141 623 per
1165 560 1474 619 tradimenta,
1501 577 1583 607 seu
1610 578 1695 625 per
1729 564 1800 608 in-

392 641 533 686 sidias
558 656 612 686 ac
642 648 900 684 nocturnas
931 647 1011 683 aut
1035 637 1227 683 furtivas
1249 637 1578 684 inscalationes
1597 676 1607 696 ,
1641 640 1801 702 acqui-

392 734 494 763 rere
511 724 747 781 poterant,
774 730 909 776 agros
927 713 1208 778 populantes
1232 722 1276 758 et
1302 713 1466 759 itinera
1488 715 1697 778 undique
1720 715 1802 761 ob-

393 794 614 852 sidentes,
641 809 725 856 per
750 808 853 854 quae
878 808 1069 837 annona
1092 791 1152 837 ad
1173 790 1411 854 praefatam
1438 790 1604 836 urbem
1630 792 1802 838 adduci

393 872 637 936 potuisset,
654 871 804 934 ipsam
822 869 882 914 ad
903 884 1123 930 magnam
1142 884 1302 913 rerum
1322 867 1537 912 omnium
1555 870 1801 931 penuriam

394 959 440 995 et
466 949 697 995 caristiam
733 946 1086 1010 perduxerunt,
1123 946 1186 991 ita
1216 954 1266 990 ut
1295 945 1418 990 cives
1445 945 1649 1008 pretiosa
1671 962 1802 1008 quae-

395 1043 487 1089 que
509 1043 597 1090 pro
622 1041 769 1089 pane,
807 1032 1088 1087 perurgente
1112 1022 1233 1068 fame
1250 1058 1261 1080 ,
1288 1021 1547 1067 distrahere
1576 1039 1804 1084 cogeren—

395 1114 485 1150 tur.
514 1107 618 1150 Non
643 1103 767 1148 enim
793 1119 875 1164 per
900 1100 1056 1164 plures
1088 1116 1239 1145 annos
1266 1115 1507 1145 annonam
1535 1099 1798 1160 habebant,

395 1182 484 1226 nisi
513 1197 615 1242 quae
640 1197 696 1226 ex
727 1179 1018 1224 Normannia
1048 1177 1113 1223 eis
1138 1177 1469 1234 adduceretur,
1508 1187 1553 1222 et
1588 1178 1804 1240 frequen-

395 1260 485 1304 tius
518 1257 703 1318 navigio
734 1272 817 1319 per
840 1255 1017 1300 flumen
1050 1254 1207 1317 (quod
1230 1271 1317 1299 nec
1348 1254 1450 1299 fieri
1475 1263 1686 1316 poterat,
1716 1255 1802 1300 nisi

394 1352 504 1380 cum
542 1350 711 1395 inagna
757 1341 1047 1377 armatorum
1090 1330 1422 1392 multitudine)
1472 1331 1798 1377 deduceretur.

395 1415 508 1466 Quae
534 1412 748 1474 impensa
771 1409 1017 1454 conducxae
1041 1424 1282 1453 annonam
1306 1408 1454 1471 ipsam
1477 1408 1627 1454 multo
1652 1411 1804 1454 cario-

394 1504 494 1533 rem
520 1487 770 1533 esficiebat.
791 1484 1106 1547 Contingebat
1128 1485 1268 1530 etiam
1285 1485 1522 1530 interdum
1546 1495 1622 1543 ut,
1648 1486 1807 1531 incur—

395 1566 607 1611 santibus
630 1575 675 1610 et
694 1563 1024 1610 insidiantibus
1042 1563 1252 1620 Francis,
1280 1562 1513 1625 quidquid
1538 1562 1807 1609 adveheba-

395 1653 469 1688 tur
500 1652 760 1706 raperetur,
803 1640 1145 1687 mercatoribus
1178 1649 1225 1686 et
1259 1640 1632 1686 conductoribus
1661 1641 1806 1703 captis

393 1736 475 1765 seu
506 1719 776 1783 peremptis.
819 1717 935 1762 Inde
968 1727 1125 1762 autem
1160 1727 1467 1762 consecutum
1503 1725 1570 1762 est
1603 1726 1654 1762 ut
1693 1716 1805 1762 urbs

393 1796 495 1855 illa,
535 1795 737 1840 maxima
772 1793 1062 1856 populorum
1095 1793 1356 1855 frequentia
1384 1809 1438 1838 ac
1466 1793 1804 1838 numerositate

393 1874 530 1919 solita
555 1889 655 1918 esse
693 1871 886 1928 referta,
923 1870 1084 1934 inopia
1108 1881 1153 1915 et
1189 1871 1327 1916 variis
1365 1870 1707 1917 calamitatibus
1739 1882 1805 1916 at-

394 1967 486 2013 que
504 1948 792 2012 pestilentiis,
816 1945 995 1992 civibus
1013 1947 1184 2009 partim
1205 1946 1483 2010 absumptis,
1502 1947 1670 2009 partim
1688 1963 1806 2009 quo-

395 2045 490 2090 quo
510 2044 668 2072 versus
684 2025 840 2071 effusis
856 2034 995 2086 atque
1013 2024 1248 2087 dispersis,
1266 2024 1610 2069 habitatoribus
1628 2024 1805 2086 majore

394 2121 448 2150 ex
491 2113 622 2167 parte
660 2112 940 2147 vacuaretur
978 2111 1022 2146 et
1054 2101 1339 2154 nudaretur,
1385 2101 1447 2146 ita
1487 2110 1538 2145 ut
1575 2101 1673 2162 ejus
1709 2100 1806 2163 pla-

397 2191 495 2241 teae,
522 2181 636 2226 raris
661 2196 738 2225 eas
763 2177 1074 2236 calcantibus,
1094 2178 1375 2241 plerumque
1399 2176 1559 2223 herbis
1577 2187 1622 2222 et
1641 2178 1806 2239 grami-

394 2259 533 2305 nibus
557 2255 815 2303 virentibus
845 2255 1176 2319 implerentur,
1206 2264 1251 2300 et
1277 2255 1376 2317 jam
1407 2264 1531 2300 certe
1558 2270 1657 2299 non
1688 2263 1805 2299 esset

394 2338 436 2382 ei
473 2335 650 2399 species
679 2350 832 2396 neque
861 2332 1028 2393 decor,
1064 2348 1166 2394 quae
1201 2331 1447 2394 quondam
1483 2331 1604 2376 inter
1641 2347 1805 2376 omnes

394 2412 637 2458 christiani
668 2410 796 2456 orbis
829 2410 1039 2455 civitates
1082 2408 1426 2471 speciosissima
1458 2417 1596 2470 atque
1631 2407 1804 2452 floren-

395 2491 570 2535 tissima
596 2488 848 2534 ferebatur.

460 2568 579 2610 Cum
611 2575 767 2611 autem
798 2565 861 2610 ita
897 2563 1093 2627 [bellum
1124 2561 1405 2626 proferrent]
1438 2562 1538 2608 sine
1562 2561 1738 2625 proeliis
1761 2571 1803 2606 et

397 2641 674 2688 exercitibus
694 2652 832 2703 atque
851 2640 1019 2687 ordine
1037 2640 1244 2698 militari,
1268 2639 1497 2686 vastando
1517 2655 1670 2702 agros,
1692 2638 1802 2683 diri-

397 2718 573 2782 piendo
604 2719 811 2764 civitates
835 2720 908 2764 vel
933 2717 1110 2781 oppida
1144 2735 1247 2781 quae
1279 2715 1653 2781 proditionibus,
1684 2714 1803 2760 dolis
