2037 3442
680 276 821 310 LIBER
848 275 1085 321 QUARTUS.
1511 275 1582 310 103

671 450 1004 493 CAPITULUM
1034 451 1089 493 11.

213 571 416 613 Quomodo,
435 571 587 605 secundo
604 584 695 604 anno
714 580 908 616 treugarum
927 599 934 613 7
958 583 1016 604 rex
1032 572 1246 604 Francorum
1268 584 1346 605 cum
1368 581 1437 606 tota
1457 573 1575 607 militia

544 630 639 674 regni
660 630 694 662 in
712 629 970 674 Lotharingiam
990 638 1037 662 est
1053 630 1240 673 profectus.

265 735 354 780 Sed
379 736 589 798 profecto
613 737 659 781 in
683 736 877 797 longum
902 750 1058 780 rerum
1088 734 1404 779 humanarum
1430 735 1595 780 incon-

202 820 327 856 stans
359 828 542 874 semper
576 812 772 858 varietas
808 811 1014 873 quietem
1052 820 1228 856 tantam
1270 809 1463 855 sufferre
1498 827 1595 856 non

204 888 370 950 potuit.
399 891 514 933 Nam
548 904 674 933 anno
706 903 854 950 prope
883 887 1081 932 decurso
1106 903 1157 931 ex
1185 902 1279 948 quo
1305 895 1476 947 treugae
1509 888 1596 932 ini-

205 966 324 1010 tiata:
357 965 566 1023 fuerant,
602 965 793 1010 Carolus
830 981 930 1021 rex,
968 963 1163 1008 collecta
1195 963 1396 1008 maxima
1424 963 1599 1009 ducum

206 1060 400 1089 suorum
438 1053 483 1088 et
517 1052 804 1088 armatorum
846 1040 1171 1098 multitudine,
1208 1041 1255 1084 in
1288 1040 1458 1102 quibus
1494 1051 1601 1087 ante

206 1129 415 1181 treugam
450 1128 495 1163 et
533 1119 864 1164 effervescente
890 1132 1162 1178 guerrarum
1198 1125 1471 1179 tempestate
1506 1133 1600 1162 nu·-

207 1211 363 1240 merus
386 1204 524 1256 atque
548 1195 666 1239 ordo
695 1204 738 1239 et
761 1193 1006 1256 disciplina
1028 1193 1263 1252 militaris,
1286 1203 1364 1238 aut
1384 1194 1501 1251 rari,
1526 1204 1605 1239 aut

210 1286 339 1334 paene
364 1270 480 1315 nulli
503 1272 672 1317 servati
696 1270 904 1329 fuerant,
931 1269 1047 1314 fines
1070 1270 1349 1314 Metensium
1372 1280 1418 1315 et
1435 1270 1607 1316 Lotha-

208 1347 367 1408 ringiae
403 1346 531 1393 adire
565 1347 806 1394 constituit
827 1349 853 1391 ¹.
883 1345 1120 1393 Suadebat
1142 1347 1235 1393 hoc
1269 1346 1356 1392 sibi
1384 1350 1603 1404 Renatus,

209 1440 285 1469 rex
316 1423 505 1482 Siciliae,
537 1424 919 1484 Andegavorum,
959 1423 1253 1469 Barrensium
1283 1433 1327 1468 et
1363 1424 1608 1470 Lotharin-

210 1501 292 1562 giae
325 1500 448 1559 dux,
483 1502 614 1563 cujus
648 1502 695 1546 in
734 1501 1065 1557 matrimonio⁷
1110 1511 1158 1546 ut
1195 1517 1338 1563 supra
1376 1501 1603 1560 diximus,

209 1577 416 1624 habebat
438 1594 667 1634 sororem,
700 1587 750 1622 ut
774 1577 1048 1623 Metensium
1070 1576 1195 1621 illam
1218 1577 1446 1638 insignem
1469 1589 1609 1641 atque

211 1654 407 1700 liberam
442 1654 635 1713 urbem,
678 1654 848 1699 auxilio
885 1652 1094 1714 ejusdem
1119 1654 1297 1709 Caroli,
1334 1670 1426 1699 suae
1461 1654 1609 1700 facere

212 1742 370 1795 posset
391 1731 607 1787 ditionis3
637 1741 715 1776 aut
734 1766 745 1788 ,
774 1731 810 1775 si
834 1730 893 1776 ad
925 1730 1017 1776 hoc
1040 1730 1232 1775 minime
1255 1731 1499 1792 pervenire
1523 1731 1610 1777 da-

214 1819 356 1869 retur,
374 1808 538 1855 saltem
553 1809 820 1854 cautionem
840 1806 1093 1869 quamdam
1108 1823 1283 1868 magnae
1302 1808 1607 1870 pecuniarum

216 1902 424 1942 summae,
456 1902 616 1947 quam,
655 1884 714 1929 ab
749 1884 814 1929 eis
839 1893 1031 1946 accepto
1060 1893 1249 1942 mutuo,
1279 1883 1379 1946 ipse
1414 1884 1606 1943 fecerat,

217 1961 331 2006 dum
357 1978 381 2007 a
407 1961 625 2007 manibus
653 1961 784 2006 ducis
820 1960 1226 2022 Burgundionum,
1255 1976 1279 2005 a
1303 1976 1399 2022 quo
1424 1960 1612 2007 detine-

218 2037 371 2091 batur,
411 2053 458 2082 se
489 2037 676 2082 redimit
701 2045 841 2098 atque
872 2036 1110 2095 liberavit,
1148 2036 1207 2082 ab
1230 2036 1408 2082 eisdem
1433 2037 1612 2083 civibus

218 2113 395 2158 viribus
413 2128 609 2158 vacuam
630 2113 856 2174 reciperet
879 2123 924 2158 et
940 2123 1250 2176 recuperaret.
1271 2116 1464 2176 Semper
1485 2114 1612 2160 enim

220 2190 428 2236 invidere
454 2190 606 2235 solent
628 2189 814 2251 tyranni
840 2190 1063 2246 libertati,
1092 2191 1236 2253 quieti
1260 2201 1306 2237 et
1323 2191 1509 2253 justitiae
1531 2208 1613 2254 po-

221 2267 464 2330 pulorum3
492 2266 622 2329 quod
644 2266 709 2311 illi
733 2267 897 2329 optimi
920 2268 1041 2312 cives
1061 2270 1306 2325 Metenses,
1332 2284 1387 2313 ea
1409 2279 1614 2332 tempes-

223 2356 340 2405 tate,
366 2347 567 2392 maximo
595 2362 679 2390 suo
703 2346 1009 2395 incommodo
1040 2348 1217 2410 experti
1252 2348 1456 2392 fuerunt.
1498 2350 1614 2392 Nam

224 2423 268 2468 in
290 2440 453 2468 eorum
477 2423 597 2485 agris
619 2432 758 2484 atque
777 2423 1083 2485 Lotbaringiae
1098 2462 1108 2482 ‚
1136 2425 1215 2486 qui
1237 2434 1335 2470 tum
1355 2425 1616 2488 praedivites

224 2508 268 2545 et
301 2499 558 2562 locupletes
591 2510 751 2557 erant,
787 2501 1001 2546 omnium
1030 2501 1273 2546 affluentes
1295 2502 1429 2565 copia
1461 2501 1616 2547 bono-

225 2593 354 2636 rum,
402 2593 512 2622 cum
548 2576 691 2622 effusa
730 2576 889 2623 fuisset
924 2577 1000 2624 illa
1034 2581 1321 2624 Francorum
1352 2578 1620 2625 inordinata

281 2739 316 2772 1.
351 2739 405 2774 En
427 2735 639 2787 septembre
659 2737 775 2783 1444,
794 2736 886 2773 trois
902 2736 998 2773 mois
1016 2737 1226 2774 seulement
1241 2738 1350 2787 apres
1367 2737 1403 2774 la
1423 2738 1541 2776 treve.
