2037 3442
743 349 885 384 LIBER
916 347 1152 395 QUARTUS
1564 345 1637 380 ω’]

249 445 405 478 versos
433 430 643 476 subditos
674 446 726 476 ac
759 429 1030 488 foederatos,
1073 429 1119 473 in
1154 426 1325 490 quibus
1361 425 1641 471 nominatim

248 518 346 553 crat
369 507 462 553 dux
487 508 583 570 ipsc
612 507 851 551 Britannice
873 523 927 551 cx
953 515 1147 568 utraque
1169 520 1332 566 regum
1355 513 1487 567 parte
1510 519 1641 548 com-

246 583 550 646 prehensus),
579 582 841 628 adventavit
883 590 1028 626 noctu
1064 597 1117 625 ex
1149 579 1320 625 finibus
1347 579 1643 624 Normanniae

243 660 303 704 ad
331 659 602 720 hujusmodi
621 658 867 723 oppidum,
889 667 933 702 et
956 673 1038 719 per
1062 672 1170 701 suos
1196 655 1495 701 inscalatores
1521 654 1642 700 clam

242 745 287 780 et
310 736 488 790 furtim,
521 735 700 781 civibus
724 750 891 779 somno
924 733 1109 796 sopitis,
1143 748 1298 777 arcem
1334 742 1474 793 atque
1505 731 1640 794 oppi-

242 812 357 856 dum
376 813 528 874 ipsum
548 812 756 857 introivit
776 820 821 856 et
844 810 1106 873 occupavit.
1135 807 1277 864 Quod
1300 824 1408 852 cum
1429 807 1642 851 animad-

250 882 509 934 vertissent*
528 890 619 935 loci
656 890 800 948 cives,
843 887 999 951 pavidi
1047 896 1092 931 et
1134 895 1291 932 mente
1331 883 1640 941 consternati,

242 966 464 1011 domibus
505 966 768 1029 opibusque
799 964 992 1021 relictis,
1025 972 1189 1026 prseter
1222 961 1270 1006 id
1305 959 1435 1023 quod
1470 974 1644 1022 prope-

245 1053 399 1088 ranter
422 1059 586 1105 rapere
611 1058 862 1103 secumque
885 1040 1064 1085 deferre
1086 1038 1363 1094 valuerunt,
1386 1035 1541 1098 plures
1560 1051 1646 1098 per

245 1121 415 1165 moenia
439 1119 628 1182 dilapsi,
657 1118 956 1178 aufugerunt,
993 1116 1107 1175 aliis,
1136 1114 1307 1177 quibus
1328 1112 1403 1158 vel
1426 1113 1547 1157 vires
1572 1110 1647 1156 vel

243 1198 426 1241 animus
452 1197 675 1254 deerant,
706 1196 750 1240 in
776 1195 1049 1258 praedonum
1074 1202 1356 1257 potestatem
1390 1190 1570 1236 traditis
1602 1199 1648 1235 et

246 1273 430 1317 relictis.
460 1273 602 1333 Igitur
640 1270 963 1333 hujuscemodi
1000 1269 1254 1333 oppidum,
1299 1278 1412 1313 tunc
1445 1266 1646 1329 opulen-

247 1359 343 1394 tum
368 1359 411 1394 et
437 1350 614 1412 magnis
637 1349 807 1394 divitiis
828 1347 1069 1402 refertum,
1098 1363 1155 1391 eo
1180 1345 1326 1391 modo
1350 1354 1564 1408 captum,
1588 1342 1648 1388 ab

250 1426 447 1487 Anglicis
483 1426 717 1489 direptum
750 1432 816 1470 est
853 1434 992 1485 atque
1022 1423 1207 1486 penitus
1231 1423 1278 1467 in
1304 1422 1511 1485 praedam
1541 1437 1649 1465 ver-

248 1520 350 1548 sum
369 1539 379 1559 ,
411 1512 627 1548 currente
650 1518 776 1548 anno
799 1501 989 1546 Domini
1014 1516 1308 1545 mcccchvm
1327 1500 1353 1543 ¹.

701 1703 1037 1750 CAPITULUM
1071 1703 1189 1746 XIII.

316 1837 506 1882 Quomodo
526 1838 642 1884 captio
660 1836 743 1870 dicti
761 1834 883 1881 oppidi
903 1835 1114 1868 Francorum
1130 1832 1203 1877 regi
1222 1840 1254 1865 et
1273 1832 1340 1864 suis
1358 1831 1581 1865 vehementer

561 1895 737 1943 displicuit
755 1921 763 1936 ,
782 1903 813 1928 ct
829 1894 872 1928 de
888 1894 1045 1940 captione
1061 1891 1340 1926 Pontis-Archae.

315 2022 429 2074 Quae
462 2017 616 2079 captio
654 2025 697 2060 et
729 2013 902 2078 przeda,
939 2013 1043 2058 licet
1072 2012 1205 2057 initio
1232 2028 1328 2057 non
1356 2026 1551 2074 parvam
1585 2010 1650 2055 eis

251 2095 478 2141 attulisset
518 2092 761 2137 utilitatem
794 2101 932 2153 atque
963 2089 1355 2152 jucunditatenff,
1395 2088 1648 2132 infaustum

251 2183 406 2217 tamen
426 2180 563 2232 atque
585 2168 817 2213 infelicem
838 2168 1010 2213 exitum
1025 2167 1089 2212 eis
1106 2166 1395 2230 importavit,
1420 2163 1652 2227 quemad-

249 2251 446 2296 modum
484 2250 528 2293 in
564 2245 868 2309 sequentihus
904 2245 1161 2309 apparebit.
1210 2247 1401 2289 Moestus
1438 2242 1651 2305 profecto

248 2345 333 2391 pro
362 2324 636 2387 hujusmodi
666 2324 1053 2386 impraemeditato
1077 2333 1215 2385 atque
1244 2323 1480 2384 insperato
1505 2320 1653 2364 infor-

249 2406 381 2452 tunio
408 2404 491 2448 fuit
515 2403 760 2448 Britannice
779 2402 894 2452 dux,
929 2412 972 2448 et
999 2402 1191 2447 Carolus
1218 2417 1298 2445 rex
1322 2409 1463 2461 atque
1487 2414 1653 2444 omnes

250 2483 435 2540 Franci,
464 2482 546 2544 qui
574 2480 666 2526 hoc
691 2497 788 2526 non
813 2481 944 2526 aliter
968 2496 1111 2541 quam
1141 2479 1212 2525 sui
1236 2495 1375 2523 causa
1410 2478 1456 2522 in
1489 2478 1653 2538 suique

302 2640 339 2673 1.
368 2638 420 2672 Le
443 2636 492 2670 24
518 2647 616 2670 mars
644 2635 767 2674 1448,
792 2647 828 2669 v.
853 2640 896 2670 st.
912 2661 921 2677 ,
947 2630 1195 2668 c'est-ii-dire
1218 2632 1333 2666 1449.

303 2696 340 2732 2.
378 2713 393 2727 «
412 2693 594 2730 Nonnulli
612 2692 710 2728 hanc
732 2691 898 2741 praedam
921 2691 1011 2727 tanti
1033 2690 1173 2727 valoris
1192 2689 1304 2725 fuisse
1324 2695 1509 2733 asserunt,
1527 2693 1657 2735 erepta

254 2753 426 2804 Fulgeris
461 2752 580 2803 spolia
610 2750 745 2801 viginti
773 2759 924 2787 centum
957 2749 1093 2796 millia,
1121 2761 1213 2784 vera
1243 2747 1516 2791 aestimatione,
1548 2756 1658 2794 posse

250 2812 469 2864 appretiari.
497 2830 510 2843 »ι
544 2810 687 2846 Robert
712 2808 868 2846 Blondcl
883 2838 891 2854 ,
925 2811 1087 2846 Assertio
1106 2809 1364 2853 Normatmiae,
1385 2805 1451 2843 lib.
1468 2809 1505 2852 I,
1528 2819 1560 2841 c.
1579 2818 1605 2842 1.
