2037 3442
389 357 464 392 266
765 352 1100 390 HISTORIARUM
1128 351 1306 388 CAROLI
1333 353 1401 388 VII

387 435 543 489 exitio,
562 433 597 476 si
618 442 713 478 tam
736 432 914 476 munita
933 439 1082 475 castra
1098 433 1386 475 Francorum
1403 440 1578 477 temere
1595 433 1780 494 aggredi

388 510 658 555 destinaret.
698 506 1049 569 Exspectandos
1095 523 1193 552 esse
1230 523 1340 552 suos
1373 506 1550 570 pedites
1582 523 1781 570 suasque

389 583 625 629 machinas
651 582 877 627 suadebat
894 617 904 636 ,
934 581 1107 642 quibus
1137 582 1183 626 in
1212 598 1359 626 unum
1396 599 1553 628 secum
1577 583 1749 627 coactis
1767 618 1779 640 ,

387 664 458 707 vel
481 661 697 706 consulto
715 697 726 717 ,
754 676 850 704 non
880 669 1139 722 praerupte,
1168 659 1324 704 hostes
1348 660 1675 722 aggrederetur
1704 676 1782 705 ex-

389 752 628 800 pugnare,
669 735 739 780 vel
785 735 829 778 in
866 750 962 796 quo
998 734 1154 779 minus
1185 733 1393 779 futurum
1434 745 1552 780 esset
1589 735 1784 798 periculi

389 823 536 859 castra
576 827 723 874 prope
755 810 1007 864 metand0‚
1051 826 1159 867 eos,
1193 810 1323 855 famis
1359 810 1512 856 inedia
1554 821 1599 856 et
1626 827 1784 856 rerum

390 888 757 934 necessariarum
793 886 988 949 penuria
1026 895 1249 942 arctatos,
1281 895 1361 931 aut
1394 903 1441 932 se
1479 886 1678 945 dedere,
1706 896 1787 932 aut

391 981 472 1010 eos
504 963 725 1025 congredi
765 973 809 1008 et
841 979 866 1007 e
901 963 1061 1007 castris
1091 963 1185 1007 suis
1217 979 1492 1026 erumpere,
1525 963 1596 1008 vel
1630 964 1784 1026 fugam

391 1040 601 1102 accipere
647 1038 1013 1101 compellerent3
1063 1054 1158 1083 non
1209 1054 1307 1084 esse
1349 1038 1435 1084 sibi
1486 1039 1786 1084 metuendam

391 1132 592 1161 annonae
620 1113 954 1170 defectionem,
994 1130 1100 1159 cum
1139 1114 1287 1177 patria
1320 1124 1417 1160 tota
1447 1115 1557 1178 ipsis
1585 1114 1783 1172 faveret,

393 1208 553 1238 exesos
596 1207 708 1237 vero
757 1192 885 1236 velut
927 1206 1072 1236 saevos
1115 1190 1272 1236 hostes
1316 1190 1511 1237 haberet
1556 1194 1784 1248 Francos,

393 1284 513 1330 quos
554 1276 832 1329 propterea,
878 1265 1085 1311 decursis
1120 1265 1285 1311 diebus
1324 1267 1636 1329 paucissimis,
1679 1282 1788 1311 cum

393 1342 520 1388 nulla
559 1358 748 1387 annona
789 1342 846 1386 ad
881 1358 961 1386 eos
998 1341 1165 1387 deferri
1212 1352 1396 1404 posset,
1444 1358 1631 1387 necesse
1671 1342 1788 1386 foret

393 1419 514 1465 fame
560 1428 605 1464 et
645 1419 840 1481 penuria
883 1417 1124 1474 laborare,
1172 1428 1216 1463 et
1257 1434 1340 1480 per
1381 1417 1473 1463 hoc
1519 1428 1598 1463 aut
1633 1418 1788 1478 fugam

394 1512 560 1558 capere
589 1504 691 1548 aut,
721 1493 876 1539 relicta
913 1494 1173 1540 munitione
1208 1504 1497 1551 castrorum,
1537 1495 1583 1538 in
1614 1510 1695 1539 eos
1719 1495 1790 1538 in-

396 1571 537 1617 silire.

458 1646 644 1691 Talibus
682 1646 894 1710 praefatus
927 1645 1159 1704 Thomas,
1196 1645 1411 1707 signifer,
1455 1645 1712 1709 prudenter
1747 1653 1792 1690 et

395 1723 629 1785 sapienter
656 1722 767 1767 dicti
791 1721 970 1767 domini
996 1721 1054 1766 de
1092 1720 1283 1766 Talebot
1310 1723 1618 1767 temeritatem
1647 1736 1790 1766 cona-

395 1798 534 1844 batur
565 1808 791 1844 avertere.
818 1800 993 1843 Verum
1029 1797 1154 1842 idem
1186 1796 1400 1851 Talebot,
1424 1797 1505 1858 qui
1531 1796 1722 1842 audacia
1747 1805 1792 1841 et

398 1875 660 1920 inconsulta
687 1874 968 1932 temeritate,
997 1874 1152 1936 potius
1175 1889 1316 1935 quam
1340 1873 1633 1927 fortitudine,
1661 1889 1791 1935 paene

397 1968 582 2014 semper
603 1951 648 1995 in
676 1950 833 1995 hostes
856 1950 1031 1994 irruere
1061 1959 1104 1994 et
1144 1949 1340 1994 fundere
1366 1966 1446 1995 eos
1484 1959 1623 2010 atque
1648 1950 1692 1993 in
1718 1950 1789 1994 fu-

398 2043 501 2089 gam
526 2043 661 2088 agere
687 2035 989 2071 consueverat
1011 2062 1021 2083 ,
1050 2026 1316 2070 existimans
1349 2026 1487 2070 etiam
1514 2034 1625 2069 tunc
1652 2028 1792 2069 Fran-

396 2120 502 2160 cos,
530 2104 599 2147 sui
625 2102 830 2147 nominis
854 2102 1097 2163 praesentia
1122 2102 1370 2146 deterritos
1388 2135 1398 2153 ,
1428 2102 1581 2163 potius
1604 2101 1663 2146 de
1687 2101 1793 2162 fuga

397 2196 540 2242 quam
563 2179 621 2223 de
645 2178 917 2223 defensione
945 2177 1167 2238 cogitare,
1203 2177 1355 2221 eidem
1378 2175 1566 2221 Thomae
1593 2177 1794 2239 impera-

400 2257 462 2300 vit
496 2254 624 2318 quod
650 2255 801 2316 signa,
830 2270 931 2316 quae
958 2252 1153 2309 ferebat,
1182 2253 1240 2298 ad
1267 2252 1441 2298 vallum
1472 2269 1618 2315 usque
1650 2253 1794 2298 hosti-

396 2332 511 2377 lium
541 2341 801 2377 castrorum
830 2330 1131 2393 importaret,
1169 2329 1323 2374 eidem
1358 2329 1684 2392 improperans
1712 2346 1796 2375 cur

399 2417 521 2467 tum,
549 2417 715 2471 praeter
745 2407 934 2451 solitum
957 2442 968 2462 ,
993 2405 1291 2450 meticulosus
1316 2415 1457 2468 atque
1480 2405 1676 2467 pavidus
1698 2422 1796 2451 esse

400 2483 650 2528 videretur.
682 2486 914 2545 Praecepto
939 2491 1095 2526 autem
1113 2480 1244 2526 ducis
1264 2497 1360 2526 non
1380 2481 1583 2542 segniter
1598 2497 1765 2544 parens
1781 2518 1792 2540 ,

399 2559 530 2620 quod
555 2560 835 2622 imperatur,
878 2559 978 2603 sine
1009 2574 1141 2603 mora
1184 2567 1251 2603 est
1282 2566 1548 2615 exsecutus,
1586 2557 1716 2619 quod
1753 2566 1796 2601 et

400 2637 550 2681 caeteri
575 2637 740 2682 milites
764 2654 860 2682 non
883 2636 1167 2681 dissimiliter
1193 2636 1415 2680 fecerunt.
1447 2635 1692 2679 Venientes
1717 2633 1797 2693 igi-

402 2723 476 2758 tur
489 2712 549 2758 ad
569 2713 722 2774 ipsum
738 2713 929 2768 vallum,
951 2714 996 2757 in
1019 2712 1148 2775 palos
1166 2721 1210 2757 et
1230 2722 1491 2757 castrorum
1507 2711 1795 2756 munimenta

402 2789 627 2852 impetum
663 2788 902 2845 facientes,
935 2788 1233 2832 enitebantur
1264 2804 1344 2833 eos
1378 2787 1606 2832 transilire
1641 2795 1685 2830 et
1714 2801 1792 2829 co—
