<?xml version="1.0" encoding="UTF-8"?>
<!DOCTYPE html PUBLIC "-//W3C//DTD XHTML 1.0 Transitional//EN"
    "http://www.w3.org/TR/xhtml1/DTD/xhtml1-transitional.dtd">
<html xmlns="http://www.w3.org/1999/xhtml" xml:lang="en" lang="en">
 <head>
  <title>
</title>
<meta http-equiv="Content-Type" content="text/html;charset=utf-8" />
  <meta name='ocr-system' content='tesseract 3.04.00' />
  <meta name='ocr-capabilities' content='ocr_page ocr_carea ocr_par ocr_line ocrx_word'/>
</head>
<body>
  <div class='ocr_page' id='page_1' title='image "./histoiredesrgn01basi_0392.png"; bbox 0 0 2037 3442; ppageno 0'>
   <div class='ocr_carea' id='block_1_1' title="bbox 366 345 1397 392">
    <p class='ocr_par' dir='ltr' id='par_1_1' title="bbox 366 345 1397 392">
     <span class='ocr_line' id='line_1_1' title="bbox 366 345 1397 392; baseline -0.009 -2"><span class='ocrx_word' id='word_1_1' title='bbox 366 356 441 392; x_wconf 71' lang='lat'>220</span> <span class='ocrx_word' id='word_1_2' title='bbox 752 348 1089 386; x_wconf 85' lang='lat' dir='ltr'>HISTORIARUM</span> <span class='ocrx_word' id='word_1_3' title='bbox 1118 345 1298 383; x_wconf 81' lang='lat' dir='ltr'><strong>CAROLI</strong></span> <span class='ocrx_word' id='word_1_4' title='bbox 1332 349 1397 382; x_wconf 94' lang='lat' dir='ltr'>VII</span> 
     </span>
    </p>
   </div>
   <div class='ocr_carea' id='block_1_2' title="bbox 368 427 1769 959">
    <p class='ocr_par' dir='ltr' id='par_1_2' title="bbox 368 427 1769 959">
     <span class='ocr_line' id='line_1_2' title="bbox 368 427 1766 492; baseline -0.002 -13"><span class='ocrx_word' id='word_1_5' title='bbox 368 434 505 480; x_wconf 85' lang='lat' dir='ltr'>simul</span> <span class='ocrx_word' id='word_1_6' title='bbox 546 433 683 477; x_wconf 88' lang='lat' dir='ltr'>etiam</span> <span class='ocrx_word' id='word_1_7' title='bbox 734 430 794 475; x_wconf 91' lang='lat' dir='ltr'>ad</span> <span class='ocrx_word' id='word_1_8' title='bbox 837 429 1057 476; x_wconf 89' lang='lat' dir='ltr'>eumdem</span> <span class='ocrx_word' id='word_1_9' title='bbox 1103 427 1486 488; x_wconf 77' lang='lat' dir='ltr'>admonendum,</span> <span class='ocrx_word' id='word_1_10' title='bbox 1536 440 1766 492; x_wconf 90' lang='lat' dir='ltr'>quatenus</span> 
     </span>
     <span class='ocr_line' id='line_1_3' title="bbox 370 509 1767 575; baseline -0.001 -19"><span class='ocrx_word' id='word_1_11' title='bbox 370 510 652 575; x_wconf 86' lang='lat' dir='ltr'>quantocius</span> <span class='ocrx_word' id='word_1_12' title='bbox 677 525 782 554; x_wconf 89' lang='lat' dir='ltr'>cum</span> <span class='ocrx_word' id='word_1_13' title='bbox 807 509 982 554; x_wconf 79' lang='lat' dir='ltr'>caeteris</span> <span class='ocrx_word' id='word_1_14' title='bbox 1001 545 1011 565; x_wconf 87' lang='lat'>,</span> <span class='ocrx_word' id='word_1_15' title='bbox 1047 524 1162 572; x_wconf 82' lang='lat' dir='ltr'>quas</span> <span class='ocrx_word' id='word_1_16' title='bbox 1190 524 1358 570; x_wconf 85' lang='lat' dir='ltr'>cogere</span> <span class='ocrx_word' id='word_1_17' title='bbox 1387 518 1593 572; x_wconf 85' lang='lat' dir='ltr'>poterat,</span> <span class='ocrx_word' id='word_1_18' title='bbox 1621 510 1767 573; x_wconf 90' lang='lat' dir='ltr'>copiis</span> 
     </span>
     <span class='ocr_line' id='line_1_4' title="bbox 370 585 1763 649; baseline 0 -16"><span class='ocrx_word' id='word_1_19' title='bbox 370 588 484 634; x_wconf 74' lang='lat' dir='ltr'>lines</span> <span class='ocrx_word' id='word_1_20' title='bbox 521 586 821 632; x_wconf 85' lang='lat' dir='ltr'>Normanniae</span> <span class='ocrx_word' id='word_1_21' title='bbox 857 595 1056 648; x_wconf 83' lang='lat' dir='ltr'>peteret,</span> <span class='ocrx_word' id='word_1_22' title='bbox 1092 585 1428 649; x_wconf 84' lang='lat' dir='ltr'>accederetque</span> <span class='ocrx_word' id='word_1_23' title='bbox 1463 587 1763 644; x_wconf 90' lang='lat' dir='ltr'>Vernolium;</span> 
     </span>
     <span class='ocr_line' id='line_1_5' title="bbox 369 662 1768 726; baseline 0 -16"><span class='ocrx_word' id='word_1_24' title='bbox 369 681 480 710; x_wconf 87' lang='lat' dir='ltr'>nam</span> <span class='ocrx_word' id='word_1_25' title='bbox 516 664 689 709; x_wconf 84' lang='lat' dir='ltr'>ostium</span> <span class='ocrx_word' id='word_1_26' title='bbox 733 679 983 725; x_wconf 82' lang='lat' dir='ltr'>magnum,</span> <span class='ocrx_word' id='word_1_27' title='bbox 1029 662 1089 708; x_wconf 93' lang='lat' dir='ltr'>ad</span> <span class='ocrx_word' id='word_1_28' title='bbox 1128 671 1435 726; x_wconf 86' lang='lat' dir='ltr'>conquestam</span> <span class='ocrx_word' id='word_1_29' title='bbox 1472 665 1768 710; x_wconf 85' lang='lat' dir='ltr'>Normanniae</span> 
     </span>
     <span class='ocr_line' id='line_1_6' title="bbox 368 739 1769 805; baseline 0 -18"><span class='ocrx_word' id='word_1_30' title='bbox 368 740 796 805; x_wconf 83' lang='lat' dir='ltr'>expellendumque</span> <span class='ocrx_word' id='word_1_31' title='bbox 819 739 877 785; x_wconf 91' lang='lat' dir='ltr'>de</span> <span class='ocrx_word' id='word_1_32' title='bbox 898 755 951 785; x_wconf 88' lang='lat' dir='ltr'>ea</span> <span class='ocrx_word' id='word_1_33' title='bbox 974 740 1161 803; x_wconf 90' lang='lat' dir='ltr'>penitus</span> <span class='ocrx_word' id='word_1_34' title='bbox 1184 740 1371 802; x_wconf 86' lang='lat' dir='ltr'>Anglos,</span> <span class='ocrx_word' id='word_1_35' title='bbox 1396 740 1438 785; x_wconf 93' lang='lat' dir='ltr'>ei</span> <span class='ocrx_word' id='word_1_36' title='bbox 1460 751 1673 804; x_wconf 87' lang='lat' dir='ltr'>apertum</span> <span class='ocrx_word' id='word_1_37' title='bbox 1696 741 1769 787; x_wconf 89' lang='lat' dir='ltr'>fo-</span> 
     </span>
     <span class='ocr_line' id='line_1_7' title="bbox 370 816 1767 880; baseline 0.001 -16"><span class='ocrx_word' id='word_1_38' title='bbox 370 828 466 879; x_wconf 79' lang='lat' dir='ltr'>ret⁷</span> <span class='ocrx_word' id='word_1_39' title='bbox 493 835 548 864; x_wconf 81' lang='lat' dir='ltr'>ex</span> <span class='ocrx_word' id='word_1_40' title='bbox 568 817 642 863; x_wconf 87' lang='lat' dir='ltr'>his</span> <span class='ocrx_word' id='word_1_41' title='bbox 676 833 803 880; x_wconf 79' lang='lat' dir='ltr'>quae,</span> <span class='ocrx_word' id='word_1_42' title='bbox 835 816 1042 863; x_wconf 89' lang='lat' dir='ltr'>secunda</span> <span class='ocrx_word' id='word_1_43' title='bbox 1073 816 1308 862; x_wconf 80' lang='lat' dir='ltr'>arridente</span> <span class='ocrx_word' id='word_1_44' title='bbox 1339 817 1552 876; x_wconf 82' lang='lat' dir='ltr'>fortuna,</span> <span class='ocrx_word' id='word_1_45' title='bbox 1587 818 1681 880; x_wconf 87' lang='lat' dir='ltr'>jam</span> <span class='ocrx_word' id='word_1_46' title='bbox 1708 818 1767 865; x_wconf 84' lang='lat' dir='ltr'>ab</span> 
     </span>
     <span class='ocr_line' id='line_1_8' title="bbox 370 894 1441 959; baseline -0.001 -18"><span class='ocrx_word' id='word_1_47' title='bbox 370 896 436 944; x_wconf 90' lang='lat' dir='ltr'>eis</span> <span class='ocrx_word' id='word_1_48' title='bbox 455 911 619 942; x_wconf 80' lang='lat' dir='ltr'>exorsa</span> <span class='ocrx_word' id='word_1_49' title='bbox 641 904 794 941; x_wconf 88' lang='lat' dir='ltr'>essent</span> <span class='ocrx_word' id='word_1_50' title='bbox 817 895 1069 958; x_wconf 83' lang='lat' dir='ltr'>votiveque</span> <span class='ocrx_word' id='word_1_51' title='bbox 1092 894 1441 959; x_wconf 85' lang='lat' dir='ltr'>processissent.</span> 
     </span>
    </p>
   </div>
   <div class='ocr_carea' id='block_1_3' title="bbox 823 1082 1313 1127">
    <p class='ocr_par' dir='ltr' id='par_1_3' title="bbox 823 1082 1313 1127">
     <span class='ocr_line' id='line_1_9' title="bbox 823 1082 1313 1127; baseline 0 -1"><span class='ocrx_word' id='word_1_52' title='bbox 823 1082 1160 1127; x_wconf 84' lang='lat' dir='ltr'><strong>CAPITULUM</strong></span> <span class='ocrx_word' id='word_1_53' title='bbox 1193 1084 1313 1127; x_wconf 88' lang='lat' dir='ltr'>XIX.</span> 
     </span>
    </p>
   </div>
   <div class='ocr_carea' id='block_1_4' title="bbox 393 1207 1747 1311">
    <p class='ocr_par' dir='ltr' id='par_1_4' title="bbox 393 1207 1747 1311">
     <span class='ocr_line' id='line_1_10' title="bbox 393 1207 1747 1251; baseline 0.001 -10"><span class='ocrx_word' id='word_1_54' title='bbox 393 1207 584 1251; x_wconf 87' lang='lat' dir='ltr'>Quomodo</span> <span class='ocrx_word' id='word_1_55' title='bbox 599 1208 815 1241; x_wconf 81' lang='lat' dir='ltr'>Francorum</span> <span class='ocrx_word' id='word_1_56' title='bbox 831 1219 893 1241; x_wconf 85' lang='lat' dir='ltr'>rex</span> <span class='ocrx_word' id='word_1_57' title='bbox 912 1208 1054 1242; x_wconf 82' lang='lat' dir='ltr'>intravit</span> <span class='ocrx_word' id='word_1_58' title='bbox 1070 1208 1325 1242; x_wconf 86' lang='lat' dir='ltr'>Normanniam</span> <span class='ocrx_word' id='word_1_59' title='bbox 1337 1235 1346 1251; x_wconf 92' lang='lat'>‚</span> <span class='ocrx_word' id='word_1_60' title='bbox 1362 1216 1394 1242; x_wconf 89' lang='lat' dir='ltr'>et</span> <span class='ocrx_word' id='word_1_61' title='bbox 1411 1207 1454 1241; x_wconf 87' lang='lat' dir='ltr'>de</span> <span class='ocrx_word' id='word_1_62' title='bbox 1471 1207 1640 1241; x_wconf 77' lang='lat' dir='ltr'>vernolio</span> <span class='ocrx_word' id='word_1_63' title='bbox 1654 1208 1747 1242; x_wconf 70' lang='lat' dir='ltr'>venit</span> 
     </span>
     <span class='ocr_line' id='line_1_11' title="bbox 572 1267 1568 1311; baseline 0.001 -10"><span class='ocrx_word' id='word_1_64' title='bbox 572 1268 758 1311; x_wconf 84' lang='lat' dir='ltr'>Ehroicas,</span> <span class='ocrx_word' id='word_1_65' title='bbox 774 1276 807 1301; x_wconf 91' lang='lat' dir='ltr'>et</span> <span class='ocrx_word' id='word_1_66' title='bbox 823 1267 904 1302; x_wconf 90' lang='lat' dir='ltr'>inde</span> <span class='ocrx_word' id='word_1_67' title='bbox 917 1267 962 1302; x_wconf 88' lang='lat' dir='ltr'>ad</span> <span class='ocrx_word' id='word_1_68' title='bbox 976 1269 1201 1302; x_wconf 85' lang='lat' dir='ltr'>Locumveris</span> <span class='ocrx_word' id='word_1_69' title='bbox 1216 1277 1249 1302; x_wconf 90' lang='lat' dir='ltr'>et</span> <span class='ocrx_word' id='word_1_70' title='bbox 1267 1267 1568 1302; x_wconf 86' lang='lat' dir='ltr'>Pontem-Archae.</span> 
     </span>
    </p>
   </div>
   <div class='ocr_carea' id='block_1_5' title="bbox 372 1381 1772 2760">
    <p class='ocr_par' dir='ltr' id='par_1_5' title="bbox 372 1381 1772 2290">
     <span class='ocr_line' id='line_1_12' title="bbox 438 1381 1769 1445; baseline -0.004 -15"><span class='ocrx_word' id='word_1_71' title='bbox 438 1387 555 1430; x_wconf 89' lang='lat' dir='ltr'>Cum</span> <span class='ocrx_word' id='word_1_72' title='bbox 580 1394 737 1431; x_wconf 88' lang='lat' dir='ltr'>autem</span> <span class='ocrx_word' id='word_1_73' title='bbox 760 1401 841 1432; x_wconf 91' lang='lat' dir='ltr'>eos</span> <span class='ocrx_word' id='word_1_74' title='bbox 865 1402 945 1431; x_wconf 81' lang='lat' dir='ltr'>rex</span> <span class='ocrx_word' id='word_1_75' title='bbox 968 1385 1215 1442; x_wconf 88' lang='lat' dir='ltr'>audiisset,</span> <span class='ocrx_word' id='word_1_76' title='bbox 1240 1395 1286 1432; x_wconf 88' lang='lat' dir='ltr'>et</span> <span class='ocrx_word' id='word_1_77' title='bbox 1304 1383 1554 1431; x_wconf 89' lang='lat' dir='ltr'>consilium</span> <span class='ocrx_word' id='word_1_78' title='bbox 1575 1383 1617 1429; x_wconf 92' lang='lat' dir='ltr'>ei</span> <span class='ocrx_word' id='word_1_79' title='bbox 1640 1381 1769 1445; x_wconf 90' lang='lat' dir='ltr'>quod</span> 
     </span>
     <span class='ocr_line' id='line_1_13' title="bbox 373 1458 1772 1527; baseline -0.003 -20"><span class='ocrx_word' id='word_1_80' title='bbox 373 1462 459 1525; x_wconf 87' lang='lat' dir='ltr'>ipsi</span> <span class='ocrx_word' id='word_1_81' title='bbox 484 1461 784 1508; x_wconf 88' lang='lat' dir='ltr'>insinuabant</span> <span class='ocrx_word' id='word_1_82' title='bbox 819 1463 1094 1526; x_wconf 80' lang='lat' dir='ltr'>placuisset,</span> <span class='ocrx_word' id='word_1_83' title='bbox 1125 1464 1325 1509; x_wconf 87' lang='lat' dir='ltr'>multum</span> <span class='ocrx_word' id='word_1_84' title='bbox 1347 1460 1632 1527; x_wconf 86' lang='lat' dir='ltr'>properavit,</span> <span class='ocrx_word' id='word_1_85' title='bbox 1672 1458 1772 1505; x_wconf 90' lang='lat' dir='ltr'>col-</span> 
     </span>
     <span class='ocr_line' id='line_1_14' title="bbox 372 1536 1771 1604; baseline -0.001 -22"><span class='ocrx_word' id='word_1_86' title='bbox 372 1537 501 1584; x_wconf 89' lang='lat' dir='ltr'>lectis</span> <span class='ocrx_word' id='word_1_87' title='bbox 532 1539 743 1602; x_wconf 91' lang='lat' dir='ltr'>undique</span> <span class='ocrx_word' id='word_1_88' title='bbox 771 1540 919 1603; x_wconf 90' lang='lat' dir='ltr'>copiis</span> <span class='ocrx_word' id='word_1_89' title='bbox 935 1574 947 1596; x_wconf 88' lang='lat'>,</span> <span class='ocrx_word' id='word_1_90' title='bbox 986 1557 1070 1604; x_wconf 85' lang='lat' dir='ltr'>per</span> <span class='ocrx_word' id='word_1_91' title='bbox 1095 1541 1374 1586; x_wconf 87' lang='lat' dir='ltr'>Carnotum¹</span> <span class='ocrx_word' id='word_1_92' title='bbox 1400 1536 1673 1584; x_wconf 89' lang='lat' dir='ltr'>Vernolium</span> <span class='ocrx_word' id='word_1_93' title='bbox 1697 1551 1771 1581; x_wconf 88' lang='lat' dir='ltr'>ac-</span> 
     </span>
     <span class='ocr_line' id='line_1_15' title="bbox 373 1613 1767 1681; baseline -0.003 -20"><span class='ocrx_word' id='word_1_94' title='bbox 373 1615 567 1674; x_wconf 85' lang='lat' dir='ltr'>cedere,</span> <span class='ocrx_word' id='word_1_95' title='bbox 597 1616 827 1662; x_wconf 88' lang='lat' dir='ltr'>mandans</span> <span class='ocrx_word' id='word_1_96' title='bbox 853 1616 1053 1663; x_wconf 89' lang='lat' dir='ltr'>ducibus</span> <span class='ocrx_word' id='word_1_97' title='bbox 1085 1618 1180 1664; x_wconf 88' lang='lat' dir='ltr'>suis</span> <span class='ocrx_word' id='word_1_98' title='bbox 1210 1616 1367 1681; x_wconf 79' lang='lat' dir='ltr'>quod,</span> <span class='ocrx_word' id='word_1_99' title='bbox 1396 1616 1496 1662; x_wconf 89' lang='lat' dir='ltr'>sine</span> <span class='ocrx_word' id='word_1_100' title='bbox 1520 1613 1767 1670; x_wconf 85' lang='lat' dir='ltr'>dilatione,</span> 
     </span>
     <span class='ocr_line' id='line_1_16' title="bbox 374 1693 1771 1759; baseline -0.004 -21"><span class='ocrx_word' id='word_1_101' title='bbox 374 1709 482 1738; x_wconf 91' lang='lat' dir='ltr'>cum</span> <span class='ocrx_word' id='word_1_102' title='bbox 519 1693 592 1738; x_wconf 91' lang='lat' dir='ltr'>his</span> <span class='ocrx_word' id='word_1_103' title='bbox 634 1710 749 1756; x_wconf 86' lang='lat' dir='ltr'>quas</span> <span class='ocrx_word' id='word_1_104' title='bbox 780 1693 1022 1740; x_wconf 87' lang='lat' dir='ltr'>habebant</span> <span class='ocrx_word' id='word_1_105' title='bbox 1065 1695 1236 1759; x_wconf 80' lang='lat' dir='ltr'>copiis,</span> <span class='ocrx_word' id='word_1_106' title='bbox 1274 1693 1548 1739; x_wconf 89' lang='lat' dir='ltr'>Meduntam</span> <span class='ocrx_word' id='word_1_107' title='bbox 1590 1693 1771 1735; x_wconf 84' lang='lat' dir='ltr'>Verno-</span> 
     </span>
     <span class='ocr_line' id='line_1_17' title="bbox 375 1767 1770 1834; baseline -0.003 -19"><span class='ocrx_word' id='word_1_108' title='bbox 375 1786 580 1832; x_wconf 91' lang='lat' dir='ltr'>nemque</span> <span class='ocrx_word' id='word_1_109' title='bbox 603 1770 779 1834; x_wconf 83' lang='lat' dir='ltr'>oppida</span> <span class='ocrx_word' id='word_1_110' title='bbox 796 1780 1006 1834; x_wconf 89' lang='lat' dir='ltr'>petentes</span> <span class='ocrx_word' id='word_1_111' title='bbox 1023 1808 1033 1828; x_wconf 87' lang='lat'>‚</span> <span class='ocrx_word' id='word_1_112' title='bbox 1057 1787 1112 1817; x_wconf 89' lang='lat' dir='ltr'>ea</span> <span class='ocrx_word' id='word_1_113' title='bbox 1135 1770 1421 1817; x_wconf 83' lang='lat' dir='ltr'>obsiderent.</span> <span class='ocrx_word' id='word_1_114' title='bbox 1452 1768 1519 1814; x_wconf 84' lang='lat' dir='ltr'>Ad</span> <span class='ocrx_word' id='word_1_115' title='bbox 1542 1784 1645 1831; x_wconf 78' lang='lat' dir='ltr'>quae</span> <span class='ocrx_word' id='word_1_116' title='bbox 1667 1767 1770 1812; x_wconf 90' lang='lat' dir='ltr'>loca</span> 
     </span>
     <span class='ocr_line' id='line_1_18' title="bbox 372 1845 1766 1907; baseline -0.001 -16"><span class='ocrx_word' id='word_1_117' title='bbox 372 1862 481 1891; x_wconf 91' lang='lat' dir='ltr'>cum</span> <span class='ocrx_word' id='word_1_118' title='bbox 505 1846 823 1893; x_wconf 83' lang='lat' dir='ltr'>admovissent</span> <span class='ocrx_word' id='word_1_119' title='bbox 842 1857 993 1894; x_wconf 91' lang='lat' dir='ltr'>castra</span> <span class='ocrx_word' id='word_1_120' title='bbox 1009 1857 1054 1893; x_wconf 86' lang='lat' dir='ltr'>et</span> <span class='ocrx_word' id='word_1_121' title='bbox 1073 1849 1327 1894; x_wconf 85' lang='lat' dir='ltr'>exercitum</span> <span class='ocrx_word' id='word_1_122' title='bbox 1342 1885 1354 1907; x_wconf 73' lang='lat'><strong><em>⁷</em></strong></span> <span class='ocrx_word' id='word_1_123' title='bbox 1381 1847 1505 1893; x_wconf 90' lang='lat' dir='ltr'>cives</span> <span class='ocrx_word' id='word_1_124' title='bbox 1525 1845 1742 1891; x_wconf 89' lang='lat' dir='ltr'>locorum</span> <span class='ocrx_word' id='word_1_125' title='bbox 1755 1880 1766 1902; x_wconf 89' lang='lat'>‚</span> 
     </span>
     <span class='ocr_line' id='line_1_19' title="bbox 372 1923 1771 1987; baseline -0.001 -19"><span class='ocrx_word' id='word_1_126' title='bbox 372 1924 559 1985; x_wconf 86' lang='lat' dir='ltr'>longius</span> <span class='ocrx_word' id='word_1_127' title='bbox 591 1933 730 1987; x_wconf 91' lang='lat' dir='ltr'>atque</span> <span class='ocrx_word' id='word_1_128' title='bbox 755 1924 932 1970; x_wconf 87' lang='lat' dir='ltr'>diutius</span> <span class='ocrx_word' id='word_1_129' title='bbox 962 1942 1236 1987; x_wconf 82' lang='lat' dir='ltr'>guerrarum</span> <span class='ocrx_word' id='word_1_130' title='bbox 1262 1923 1603 1972; x_wconf 82' lang='lat' dir='ltr'>calamitatibus</span> <span class='ocrx_word' id='word_1_131' title='bbox 1630 1923 1771 1968; x_wconf 81' lang='lat' dir='ltr'>attriti</span> 
     </span>
     <span class='ocr_line' id='line_1_20' title="bbox 374 2000 1772 2065; baseline -0.001 -18"><span class='ocrx_word' id='word_1_132' title='bbox 374 2010 420 2047; x_wconf 92' lang='lat' dir='ltr'>et</span> <span class='ocrx_word' id='word_1_133' title='bbox 453 2000 627 2060; x_wconf 79' lang='lat' dir='ltr'>affecti,</span> <span class='ocrx_word' id='word_1_134' title='bbox 656 2018 753 2047; x_wconf 90' lang='lat' dir='ltr'>non</span> <span class='ocrx_word' id='word_1_135' title='bbox 787 2002 1122 2049; x_wconf 83' lang='lat' dir='ltr'>reluctantibus</span> <span class='ocrx_word' id='word_1_136' title='bbox 1155 2004 1333 2065; x_wconf 82' lang='lat' dir='ltr'>Anglis,</span> <span class='ocrx_word' id='word_1_137' title='bbox 1366 2004 1447 2065; x_wconf 87' lang='lat' dir='ltr'>qui</span> <span class='ocrx_word' id='word_1_138' title='bbox 1479 2019 1527 2047; x_wconf 92' lang='lat' dir='ltr'>se</span> <span class='ocrx_word' id='word_1_139' title='bbox 1549 2001 1609 2047; x_wconf 92' lang='lat' dir='ltr'>ad</span> <span class='ocrx_word' id='word_1_140' title='bbox 1633 2002 1772 2064; x_wconf 87' lang='lat' dir='ltr'>oppi-</span> 
     </span>
     <span class='ocr_line' id='line_1_21' title="bbox 375 2076 1770 2142; baseline 0 -20"><span class='ocrx_word' id='word_1_141' title='bbox 375 2076 547 2122; x_wconf 85' lang='lat' dir='ltr'>dorum</span> <span class='ocrx_word' id='word_1_142' title='bbox 579 2077 901 2124; x_wconf 87' lang='lat' dir='ltr'>defensionem</span> <span class='ocrx_word' id='word_1_143' title='bbox 932 2078 1163 2125; x_wconf 86' lang='lat' dir='ltr'>invalidos</span> <span class='ocrx_word' id='word_1_144' title='bbox 1200 2088 1364 2124; x_wconf 87' lang='lat' dir='ltr'>contra</span> <span class='ocrx_word' id='word_1_145' title='bbox 1404 2088 1501 2124; x_wconf 86' lang='lat' dir='ltr'>tam</span> <span class='ocrx_word' id='word_1_146' title='bbox 1529 2086 1770 2142; x_wconf 89' lang='lat' dir='ltr'>potentem</span> 
     </span>
     <span class='ocr_line' id='line_1_22' title="bbox 375 2153 1769 2219; baseline 0.001 -22"><span class='ocrx_word' id='word_1_147' title='bbox 375 2153 630 2199; x_wconf 84' lang='lat' dir='ltr'>exercitum</span> <span class='ocrx_word' id='word_1_148' title='bbox 652 2154 958 2218; x_wconf 78' lang='lat' dir='ltr'>reputabant,</span> <span class='ocrx_word' id='word_1_149' title='bbox 990 2154 1289 2219; x_wconf 87' lang='lat' dir='ltr'>pactionibus</span> <span class='ocrx_word' id='word_1_150' title='bbox 1313 2153 1637 2201; x_wconf 89' lang='lat' dir='ltr'>consimilibus</span> <span class='ocrx_word' id='word_1_151' title='bbox 1659 2154 1769 2199; x_wconf 84' lang='lat' dir='ltr'>civi-</span> 
     </span>
     <span class='ocr_line' id='line_1_23' title="bbox 375 2230 1320 2290; baseline 0.004 -16"><span class='ocrx_word' id='word_1_152' title='bbox 375 2230 456 2275; x_wconf 89' lang='lat' dir='ltr'>tati</span> <span class='ocrx_word' id='word_1_153' title='bbox 477 2232 765 2290; x_wconf 85' lang='lat' dir='ltr'>Lexoviensi‚</span> <span class='ocrx_word' id='word_1_154' title='bbox 781 2232 1071 2278; x_wconf 86' lang='lat' dir='ltr'>deditionem</span> <span class='ocrx_word' id='word_1_155' title='bbox 1094 2233 1320 2278; x_wconf 87' lang='lat' dir='ltr'>fecerunt.</span> 
     </span>
    </p>

    <p class='ocr_par' dir='ltr' id='par_1_6' title="bbox 374 2307 1772 2760">
     <span class='ocr_line' id='line_1_24' title="bbox 437 2307 1768 2365; baseline 0.001 -12"><span class='ocrx_word' id='word_1_156' title='bbox 437 2307 612 2354; x_wconf 89' lang='lat' dir='ltr'>Videns</span> <span class='ocrx_word' id='word_1_157' title='bbox 628 2326 740 2355; x_wconf 85' lang='lat' dir='ltr'>vero</span> <span class='ocrx_word' id='word_1_158' title='bbox 758 2326 839 2356; x_wconf 84' lang='lat' dir='ltr'>rex</span> <span class='ocrx_word' id='word_1_159' title='bbox 860 2310 920 2356; x_wconf 84' lang='lat' dir='ltr'>ad</span> <span class='ocrx_word' id='word_1_160' title='bbox 938 2310 1097 2356; x_wconf 89' lang='lat' dir='ltr'>omnia</span> <span class='ocrx_word' id='word_1_161' title='bbox 1116 2309 1205 2356; x_wconf 88' lang='lat' dir='ltr'>sibi</span> <span class='ocrx_word' id='word_1_162' title='bbox 1227 2309 1485 2356; x_wconf 88' lang='lat' dir='ltr'>secundare</span> <span class='ocrx_word' id='word_1_163' title='bbox 1508 2309 1743 2355; x_wconf 89' lang='lat' dir='ltr'>fortunam</span> <span class='ocrx_word' id='word_1_164' title='bbox 1757 2345 1768 2365; x_wconf 88' lang='lat'><strong><em>,</em></strong></span> 
     </span>
     <span class='ocr_line' id='line_1_25' title="bbox 374 2386 1772 2451; baseline 0 -20"><span class='ocrx_word' id='word_1_165' title='bbox 374 2386 533 2448; x_wconf 87' lang='lat' dir='ltr'>etjam</span> <span class='ocrx_word' id='word_1_166' title='bbox 559 2386 615 2432; x_wconf 90' lang='lat' dir='ltr'>ad</span> <span class='ocrx_word' id='word_1_167' title='bbox 642 2388 976 2451; x_wconf 83' lang='lat' dir='ltr'>acquirendam</span> <span class='ocrx_word' id='word_1_168' title='bbox 1001 2388 1167 2434; x_wconf 90' lang='lat' dir='ltr'>urbem</span> <span class='ocrx_word' id='word_1_169' title='bbox 1193 2387 1617 2449; x_wconf 85' lang='lat' dir='ltr'>Rothomagensem</span> <span class='ocrx_word' id='word_1_170' title='bbox 1640 2386 1772 2449; x_wconf 81' lang='lat' dir='ltr'>(quae</span> 
     </span>
     <span class='ocr_line' id='line_1_26' title="bbox 376 2463 1772 2529; baseline 0 -22"><span class='ocrx_word' id='word_1_171' title='bbox 376 2464 516 2509; x_wconf 89' lang='lat' dir='ltr'>totius</span> <span class='ocrx_word' id='word_1_172' title='bbox 541 2464 779 2527; x_wconf 84' lang='lat' dir='ltr'>Anglicani</span> <span class='ocrx_word' id='word_1_173' title='bbox 798 2465 996 2510; x_wconf 89' lang='lat' dir='ltr'>dominii</span> <span class='ocrx_word' id='word_1_174' title='bbox 1015 2465 1148 2511; x_wconf 91' lang='lat' dir='ltr'>sedes</span> <span class='ocrx_word' id='word_1_175' title='bbox 1166 2465 1398 2529; x_wconf 82' lang='lat' dir='ltr'>praecipua</span> <span class='ocrx_word' id='word_1_176' title='bbox 1421 2473 1466 2509; x_wconf 93' lang='lat' dir='ltr'>et</span> <span class='ocrx_word' id='word_1_177' title='bbox 1483 2463 1625 2509; x_wconf 89' lang='lat' dir='ltr'>veluti</span> <span class='ocrx_word' id='word_1_178' title='bbox 1649 2463 1772 2524; x_wconf 82' lang='lat' dir='ltr'>regia</span> 
     </span>
     <span class='ocr_line' id='line_1_27' title="bbox 376 2539 1771 2606; baseline 0 -22"><span class='ocrx_word' id='word_1_179' title='bbox 376 2540 589 2601; x_wconf 61' lang='lat' dir='ltr'>quaedam</span> <span class='ocrx_word' id='word_1_180' title='bbox 611 2553 707 2588; x_wconf 88' lang='lat' dir='ltr'>erat</span> <span class='ocrx_word' id='word_1_181' title='bbox 733 2543 780 2587; x_wconf 92' lang='lat' dir='ltr'>in</span> <span class='ocrx_word' id='word_1_182' title='bbox 804 2542 1117 2605; x_wconf 70' lang='lat' dir='ltr'>Nox-mannia)</span> <span class='ocrx_word' id='word_1_183' title='bbox 1147 2558 1315 2606; x_wconf 84' lang='lat' dir='ltr'>magna</span> <span class='ocrx_word' id='word_1_184' title='bbox 1335 2542 1457 2604; x_wconf 87' lang='lat' dir='ltr'>jacta</span> <span class='ocrx_word' id='word_1_185' title='bbox 1483 2557 1580 2587; x_wconf 86' lang='lat' dir='ltr'>esse</span> <span class='ocrx_word' id='word_1_186' title='bbox 1604 2539 1771 2585; x_wconf 85' lang='lat' dir='ltr'>funda-</span> 
     </span>
     <span class='ocr_line' id='line_1_28' title="bbox 378 2616 1770 2683; baseline 0 -23"><span class='ocrx_word' id='word_1_187' title='bbox 378 2626 563 2675; x_wconf 85' lang='lat' dir='ltr'>menta,</span> <span class='ocrx_word' id='word_1_188' title='bbox 593 2628 643 2663; x_wconf 89' lang='lat' dir='ltr'>ut</span> <span class='ocrx_word' id='word_1_189' title='bbox 678 2619 738 2665; x_wconf 87' lang='lat' dir='ltr'>ad</span> <span class='ocrx_word' id='word_1_190' title='bbox 767 2636 869 2665; x_wconf 88' lang='lat' dir='ltr'>eam</span> <span class='ocrx_word' id='word_1_191' title='bbox 902 2619 975 2665; x_wconf 86' lang='lat' dir='ltr'>vel</span> <span class='ocrx_word' id='word_1_192' title='bbox 1013 2619 1373 2683; x_wconf 84' lang='lat' dir='ltr'>expugnandam</span> <span class='ocrx_word' id='word_1_193' title='bbox 1413 2616 1484 2663; x_wconf 88' lang='lat' dir='ltr'>vel</span> <span class='ocrx_word' id='word_1_194' title='bbox 1524 2616 1770 2662; x_wconf 87' lang='lat' dir='ltr'>obsidione</span> 
     </span>
     <span class='ocr_line' id='line_1_29' title="bbox 375 2692 1769 2760; baseline -0.001 -22"><span class='ocrx_word' id='word_1_195' title='bbox 375 2695 724 2740; x_wconf 81' lang='lat' dir='ltr'>coarctandam¹</span> <span class='ocrx_word' id='word_1_196' title='bbox 746 2696 979 2742; x_wconf 84' lang='lat' dir='ltr'>efficacius</span> <span class='ocrx_word' id='word_1_197' title='bbox 996 2707 1153 2760; x_wconf 83' lang='lat' dir='ltr'>posset</span> <span class='ocrx_word' id='word_1_198' title='bbox 1170 2696 1460 2750; x_wconf 88' lang='lat' dir='ltr'>incumbere,</span> <span class='ocrx_word' id='word_1_199' title='bbox 1479 2711 1534 2740; x_wconf 86' lang='lat' dir='ltr'>ex</span> <span class='ocrx_word' id='word_1_200' title='bbox 1548 2692 1769 2739; x_wconf 81' lang='lat' dir='ltr'>Vernolio</span> 
     </span>
    </p>
   </div>
   <div class='ocr_carea' id='block_1_6' title="bbox 430 2821 1764 2867">
    <p class='ocr_par' dir='ltr' id='par_1_7' title="bbox 430 2821 1764 2867">
     <span class='ocr_line' id='line_1_30' title="bbox 430 2821 1764 2867; baseline 0.001 -11"><span class='ocrx_word' id='word_1_201' title='bbox 430 2824 466 2857; x_wconf 81' lang='lat'>1.</span> <span class='ocrx_word' id='word_1_202' title='bbox 497 2821 526 2856; x_wconf 90' lang='lat' dir='ltr'>Il</span> <span class='ocrx_word' id='word_1_203' title='bbox 547 2821 628 2857; x_wconf 84' lang='lat' dir='ltr'>vint</span> <span class='ocrx_word' id='word_1_204' title='bbox 648 2823 668 2856; x_wconf 72' lang='grc' dir='ltr'>ὲ</span> <span class='ocrx_word' id='word_1_205' title='bbox 690 2821 865 2858; x_wconf 75' lang='lat' dir='ltr'>Cliartres</span> <span class='ocrx_word' id='word_1_206' title='bbox 886 2823 920 2859; x_wconf 90' lang='lat' dir='ltr'>le</span> <span class='ocrx_word' id='word_1_207' title='bbox 940 2825 988 2859; x_wconf 75' lang='lat'>22</span> <span class='ocrx_word' id='word_1_208' title='bbox 1008 2825 1110 2861; x_wconf 74' lang='lat' dir='ltr'>aout.</span> <span class='ocrx_word' id='word_1_209' title='bbox 1131 2823 1274 2860; x_wconf 76' lang='lat' dir='ltr'>Robert</span> <span class='ocrx_word' id='word_1_210' title='bbox 1295 2822 1450 2860; x_wconf 87' lang='lat' dir='ltr'>Blondel</span> <span class='ocrx_word' id='word_1_211' title='bbox 1464 2850 1473 2863; x_wconf 86' lang='lat'>,</span> <span class='ocrx_word' id='word_1_212' title='bbox 1499 2823 1523 2859; x_wconf 93' lang='lat' dir='ltr'>l.</span> <span class='ocrx_word' id='word_1_213' title='bbox 1550 2827 1585 2860; x_wconf 90' lang='grc' dir='ltr'>Π</span> <span class='ocrx_word' id='word_1_214' title='bbox 1599 2855 1608 2867; x_wconf 82' lang='grc'>,</span> <span class='ocrx_word' id='word_1_215' title='bbox 1631 2824 1690 2859; x_wconf 86' lang='lat' dir='ltr'>ch.</span> <span class='ocrx_word' id='word_1_216' title='bbox 1713 2835 1764 2857; x_wconf 78' lang='lat' dir='ltr'>ix.</span> 
     </span>
    </p>
   </div>
  </div>
 </body>
</html>
