2037 3442
400 300 473 333 >188
780 296 1117 332 HISTORIARUM
1145 296 1322 331 CAROLI
1349 297 1417 331 V11

402 381 570 423 1·etur¹.
608 375 874 422 Pertinebat
916 375 1044 420 enim
1080 375 1328 420 comitatus
1351 376 1711 434 Cenomanniae,
1745 393 1799 422 ex

400 463 595 516 paterna
645 451 942 497 successione
965 487 977 509 ,
1032 450 1228 496 domino
1280 451 1449 498 Carolo
1494 451 1766 514 Andegaviae
1786 490 1798 512 ,

402 529 529 575 fratri
553 528 672 591 regis
697 527 859 574 Siciliae
882 529 1064 587 Renati,
1092 526 1151 573 de
1174 544 1271 590 quo
1294 544 1435 591 supra
1458 528 1650 574 fecimus
1673 543 1804 574 men-

402 606 595 651 tionem.
642 609 683 650 Is
718 615 876 651 autem
913 604 1109 650 Carolus
1148 605 1270 650 inter
1306 622 1470 651 omnes
1502 606 1677 653 aulicos
1708 607 1805 669 regi

403 682 592 728 charior
614 692 754 745 atque
778 682 1040 746 proximior
1059 681 1339 727 habebatur.

470 763 585 816 Quae
610 759 822 805 conditio
848 761 932 805 etsi
960 759 1164 823 perdura
1195 760 1441 822 gravisque
1465 758 1720 822 plurimum
1748 759 1806 804 ab

406 836 609 898 Anglicis
651 836 919 893 duceretur,
954 852 1059 882 eam
1087 845 1273 893 tamen,
1310 845 1362 882 ut
1396 837 1634 900 praesentis
1671 845 1808 898 atque

406 915 697 960 imminentis
721 914 945 978 periculi,
973 915 1011 960 si
1036 913 1096 959 ad
1124 930 1339 976 guerram
1361 913 1609 971 rediretur,
1640 912 1810 958 damna

408 991 667 1053 effugerent
688 991 761 1036 vel
785 991 1028 1036 differrent
1043 1027 1055 1050 ,
1083 989 1333 1054 amplexati
1352 999 1485 1048 sunt,
1515 1000 1559 1035 et
1582 989 1810 1034 civitatem

408 1068 677 1132 praedictam
692 1069 745 1114 in
760 1086 928 1115 manus
946 1068 1063 1131 regis
1079 1084 1312 1131 reponere
1325 1067 1444 1113 infra
1454 1067 1704 1112 limitatum
1719 1082 1813 1111 cer-

410 1156 607 1210 tumque
625 1146 752 1192 diem
771 1147 1107 1211 promiserunt.
1125 1145 1268 1207 Cujus
1278 1144 1600 1208 promissionis
1611 1160 1720 1189 cum
1733 1143 1815 1188 im-

409 1223 701 1286 plementum
713 1225 907 1269 minime
919 1222 1223 1270 subsecutum
1233 1223 1411 1281 fuisset,
1423 1232 1468 1267 et
1478 1222 1816 1268 reluctarentur

412 1302 582 1347 milites
609 1301 746 1363 Angli
769 1311 814 1347 et
837 1302 1132 1364 capitaneus,
1160 1300 1240 1363 qui
1263 1317 1350 1364 pro
1373 1300 1587 1345 custodia
1606 1297 1816 1360 ejusdem

412 1378 504 1423 illic
540 1379 725 1424 fuerant
757 1378 996 1437 collocati,
1033 1378 1092 1423 ad
1127 1378 1276 1441 ipsam
1306 1378 1352 1423 vi
1386 1387 1431 1423 et
1453 1378 1592 1423 armis
1621 1391 1819 1438 recupe-

412 1455 614 1501 randam
644 1458 934 1501 Francorum
956 1471 1062 1513 rex,
1091 1454 1261 1500 effluxo
1285 1464 1458 1500 statuto
1482 1464 1696 1516 tempore
1724 1467 1818 1513 quo

413 1532 552 1579 reddi
567 1533 698 1595 juxta
720 1533 1002 1596 promissam
1025 1531 1170 1578 fidem
1193 1531 1437 1590 debuerat,
1453 1547 1591 1577 suum
1612 1528 1822 1576 admovit

415 1611 675 1656 exercitum
697 1647 708 1668 ‚
748 1626 947 1672 eamque
976 1609 1131 1655 valida
1167 1608 1415 1655 obsidione
1449 1608 1676 1654 vallavit².
1703 1609 1821 1652 Cum

416 1696 575 1732 autem
610 1686 825 1731 viderent
860 1685 1024 1747 Angli,
1065 1685 1243 1731 viribus
1280 1686 1417 1732 valde
1445 1696 1559 1731 tunc
1588 1686 1818 1747 impares,

419 1762 619 1808 obsessis
646 1763 875 1807 auxilium
892 1762 1085 1807 minime
1112 1779 1159 1807 se
1180 1779 1315 1825 posse
1338 1772 1573 1824 praestare,
1601 1777 1723 1818 eam,
1750 1761 1824 1804 in—

418 1842 501 1887 viti
521 1841 646 1899 licet,
668 1840 750 1886 sed
771 1850 817 1886 et
839 1841 1007 1898 coacti,
1024 1839 1222 1885 reddere
1244 1848 1585 1885 consenserunt
1600 1840 1628 1897 ³,
1653 1849 1825 1899 treugae

420 1918 727 1963 nihilominus
750 1917 879 1963 factae
902 1917 1236 1980 prorogatione
1259 1916 1472 1962 durante.

476 2094 512 2129 1.
551 2109 566 2124 «
584 2094 636 2128 Le
663 2104 732 2140 roy
760 2090 1037 2141 d’Angleterre,
1071 2103 1142 2140 par
1166 2090 1202 2127 le
1229 2088 1376 2127 traictie
1403 2087 1450 2124 de
1478 2099 1547 2124 son
1570 2085 1737 2136 mariage
1762 2083 1827 2121 fait

424 2160 531 2188 entre
552 2151 616 2200 luy
641 2159 677 2187 et
696 2150 731 2186 la
750 2149 825 2187 fille
848 2149 898 2186 du
923 2162 990 2198 roy
1011 2148 1057 2185 de
1077 2148 1212 2186 Secille
1229 2176 1238 2193 ‚
1268 2146 1373 2183 avoit
1401 2144 1567 2195 promis,
1595 2142 1829 2180 incontinent

424 2214 535 2262 apres
560 2210 651 2247 ledit
675 2209 841 2260 mariage
856 2238 865 2255 ‚
886 2207 1024 2245 rendre
1047 2207 1083 2244 la
1103 2207 1193 2245 ville
1213 2206 1264 2243 du
1283 2208 1390 2242 Mans
1415 2213 1451 2241 et
1475 2204 1529 2241 les
1554 2212 1679 2240 autres
1706 2202 1830 2253 places

427 2270 518 2319 qu’il
552 2269 669 2306 tenoit
701 2281 747 2305 en
779 2268 815 2304 la
847 2268 967 2304 comte
1000 2266 1051 2303 du
1078 2266 1218 2303 Maine.
1241 2282 1257 2298 »ι
1286 2266 1494 2313 Clzronique
1513 2263 1559 2299 de
1580 2266 1715 2310 Berry,
1738 2261 1831 2298 dans

428 2330 641 2379 Godefroy,
677 2342 715 2378 p.
751 2329 842 2364 430.

482 2392 519 2426 2.
552 2392 604 2425 Le
624 2388 681 2424 roi
702 2400 749 2424 ne
768 2386 956 2424 conduisit
975 2400 1041 2437 pas
1065 2386 1100 2423 le
1119 2385 1221 2435 siege
1244 2397 1292 2421 en
1317 2395 1527 2434 personne,
1551 2380 1645 2418 mais
1664 2381 1689 2416 il
1713 2380 1748 2418 le
1771 2380 1831 2417 di-

429 2448 531 2498 rigea
561 2448 606 2485 de
627 2447 841 2494 Lavardin,
875 2448 926 2483 ou
945 2446 968 2482 il
993 2459 1032 2482 se
1055 2444 1171 2482 tenait
1189 2443 1358 2494 pendant
1376 2443 1430 2481 les
1454 2440 1682 2492 operations.
1719 2440 1830 2477 Claro-

430 2512 545 2555 nique
565 2509 611 2543 cle
635 2510 769 2555 Berry,
791 2505 883 2542 dans
900 2504 1109 2554 Godesr0y‚
1128 2517 1167 2554 p.
1190 2504 1280 2539 430.

486 2568 522 2601 3.
556 2570 616 2603 Au
635 2573 961 2604 commencement
979 2564 1026 2602 de
1044 2563 1192 2601 l'anne'e
1209 2563 1327 2600 1448.
