2037 3442
763 324 904 359 LIBER
930 323 1143 359 TERTIUS.
1580 322 1597 356 1
1607 322 1654 356 55

263 405 408 467 magis
429 408 714 450 Francorum
738 420 957 465 regnum,
997 419 1137 465 quam
1173 403 1452 463 Anglorum,
1480 402 1654 446 contri-

262 493 363 527 tum
387 481 757 544 exhaustumque
780 491 893 526 crat.
933 483 1032 525 Imo
1057 490 1169 525 tunc
1194 480 1393 525 maxime
1416 479 1586 524 divitiis
1609 489 1654 524 et

263 558 457 621 opibus,
477 567 577 603 tum
601 558 658 603 de
676 557 834 621 spoliis
855 559 1057 602 Franciae
1077 557 1314 601 immensae
1336 555 1653 600 aestimationis

262 635 309 680 in
334 635 544 697 Angliam
573 636 787 694 invectis,
817 645 915 680 tuni
945 644 989 680 et
1014 635 1248 679 variarum
1287 642 1331 678 et
1363 633 1652 696 locupletum

260 728 348 757 usu
376 729 430 758 ac
459 713 715 775 frequentia
738 712 1139 774 negotiationum,
1165 712 1264 774 ipsa
1293 710 1456 770 Anglia
1485 710 1652 754 florere

261 789 553 835 cernebatur.
593 793 706 846 Quae
742 789 959 835 intestina
994 804 1184 851 prorsus
1221 785 1349 831 nulla
1383 784 1503 829 bella
1541 794 1652 830 tunc

260 865 486 925 habebam
515 868 563 912 in
588 869 718 914 terris
741 878 896 913 autem
924 865 1180 911 Galliarum
1203 863 1285 908 diu
1307 861 1428 908 bella
1453 872 1654 923 gesserat

260 943 367 987 satis
390 943 597 1001 feliciter,
619 944 743 989 unde
761 961 874 1007 opes
896 958 1026 1006 paene
1048 942 1317 986 innumeras
1338 947 1648 984 contraxerat.

262 1021 624 1078 Verumtamen,
664 1030 714 1065 ut
754 1021 984 1076 diximus,
1020 1016 1179 1080 quoad
1211 1032 1284 1062 res
1314 1014 1504 1060 bellicas
1536 1031 1651 1077 quas

262 1097 483 1156 gerebant
501 1097 547 1140 in
565 1096 712 1142 Gallia
729 1134 739 1152 ,
766 1096 903 1156 longe
924 1104 1035 1140 tunc
1059 1092 1253 1139 audacia
1276 1101 1321 1137 et
1339 1090 1516 1136 viribus
1536 1091 1652 1136 infe-

260 1172 405 1216 riores
434 1183 586 1231 erant,
622 1190 762 1236 quam
786 1172 946 1235 priscis
974 1171 1169 1216 fuissent
1197 1167 1509 1233 temporibus.
1538 1170 1653 1212 Cor-

260 1248 386 1309 rupti
409 1249 534 1293 enim
554 1250 625 1294 his
647 1250 792 1309 vitiis,
816 1265 917 1311 quae
933 1265 988 1293 ex
1007 1246 1148 1292 rebus
1166 1245 1384 1293 secundis
1408 1244 1655 1308 provenire

260 1324 438 1383 solent,
466 1327 656 1372 avaritia
670 1336 714 1372 et
738 1326 941 1384 luxuria,
964 1324 1195 1386 simulque
1214 1323 1351 1368 variis
1366 1323 1464 1384 jam
1484 1322 1653 1367 Gallia-

260 1417 365 1444 rum
406 1401 582 1448 deliciis
622 1404 820 1463 assueti,
862 1403 988 1447 illam
1025 1400 1278 1460 barbaram·
1310 1399 1538 1444 feritatem
1573 1416 1655 1444 seu

260 1478 629 1537 animositatem,
667 1497 809 1542 quam
847 1480 979 1524 initio
1017 1478 1254 1524 bellorum
1288 1477 1335 1521 in
1360 1477 1560 1522 Galliam
1586 1478 1654 1521 in-

260 1564 495 1611 vexerant,
522 1557 721 1601 nimium
745 1557 1036 1614 remiserant,
1055 1571 1080 1599 a
1099 1554 1434 1617 voluptatibus,
1462 1562 1654 1617 propter

259 1646 374 1692 quas
406 1648 503 1676 sese
543 1633 736 1694 ignavia»,
767 1643 907 1694 atque
942 1631 1168 1677 socordiae
1207 1629 1462 1686 dederant,
1490 1629 1654 1691 procul

259 1706 407 1753 dubio
432 1709 541 1753 Victi
562 1719 607 1754 et
629 1710 849 1772 superati.

324 1786 443 1829 Cum
467 1785 607 1847 igitur
639 1802 833 1831 uxorem
871 1786 967 1847 regi
997 1802 1080 1831 suo
1116 1785 1162 1830 in
1187 1785 1378 1830 Francia
1403 1783 1652 1847 petendam

260 1859 596 1919 decrevissent,
618 1862 786 1907 missus
808 1871 875 1907 est
899 1861 962 1906 ob
988 1877 1091 1907 eam
1113 1877 1213 1906 rem
1239 1860 1417 1922 legatus
1434 1860 1529 1906 dux
1555 1861 1655 1906 Suf-

260 1936 406 1982 folciae
430 1938 477 1982 in
493 1938 708 1996 Galliam,
733 1949 778 1984 et
801 1955 908 1984 cum
931 1955 986 1984 eo
1012 1938 1258 2001 episcopus
1277 1937 1648 1996 Cichestrensis¹,

260 2024 417 2060 custos
441 2016 608 2077 privati
633 2016 767 2078 sigilli
793 2019 913 2078 regis
938 2015 1130 2077 Angliae,
1156 2031 1265 2060 cum
1297 2015 1455 2060 multis
1483 2015 1653 2060 nobili-

258 2089 347 2135 bus
368 2092 478 2137 viris
501 2091 691 2153 Angliae.
719 2093 811 2148 Qui
843 2109 952 2137 cum
975 2092 1021 2136 in
1053 2093 1281 2137 comitatu
1303 2091 1452 2136 nobili
1483 2101 1529 2136 et
1552 2108 1652 2137 ma·-

259 2166 429 2228 gnifico
449 2178 675 2231 apparatu
704 2186 750 2213 se
766 2169 964 2213 Turonis
984 2168 1310 2226 contulissent,
1333 2184 1429 2229 quo
1454 2167 1560 2214 loco
1577 2168 1649 2214 vel

258 2247 305 2291 in
331 2245 613 2308 quibusdam
639 2246 918 2309 propinquis
941 2245 1100 2291 castris
1134 2244 1423 2307 frequentius
1454 2261 1509 2290 ea
1535 2255 1652 2290 tem-

258 2333 436 2387 pestate
458 2340 539 2368 rex
562 2323 755 2368 Carolus
789 2339 837 2374 se
865 2333 910 2369 et
941 2324 1119 2370 curiam
1143 2340 1276 2369 suam
1303 2322 1515 2379 tenebat,
1544 2340 1654 2369 cau-

259 2416 356 2445 sam
380 2399 451 2444 sui
475 2399 702 2444 adventus
726 2409 865 2461 atque
887 2400 1123 2445 missionis
1147 2401 1244 2461 regi
1270 2399 1438 2445 Carolo
1461 2416 1654 2463 aperue-

258 2487 385 2522 runt.
404 2479 459 2521 Et
472 2494 526 2521 ex
544 2477 687 2539 ipsius
701 2476 891 2538 quidem
904 2476 1083 2522 filiabus
1102 2476 1277 2540 (plures
1291 2477 1416 2522 enim
1431 2476 1656 2539 habebat)

259 2554 452 2602 alteram
467 2553 667 2599 libenter
689 2553 984 2614 habuissent3
1006 2554 1087 2599 sed
1106 2554 1204 2616 jam
1226 2571 1252 2600 a
1274 2555 1418 2617 longo
1443 2565 1655 2620 tempore

314 2683 349 2718 1.
382 2680 548 2726 Sussolk‚
571 2687 684 2728 ayant
709 2691 847 2716 encore
877 2679 911 2716 le
943 2680 1027 2716 titre
1054 2679 1101 2717 de
1121 2690 1244 2719 comte
1267 2683 1359 2732 qu’il
1389 2684 1558 2735 changea
1580 2697 1656 2734 peu

259 2741 369 2790 apres
394 2753 492 2790 pour
519 2739 616 2776 celui
639 2738 685 2776 de
717 2739 909 2789 marquis,
941 2753 1018 2777 non
1045 2754 1111 2791 pas
1140 2741 1186 2779 de
1217 2742 1313 2792 duc;
1343 2751 1379 2781 et
1404 2744 1576 2793 l'eveque
1609 2744 1655 2781 de

258 2800 489 2848 Chichester‚
510 2799 631 2837 Adam
653 2799 837 2848 MoleynS.
