2037 3442
409 311 482 344 165
788 309 1120 344 HISTORIARUM
1146 308 1325 343 CAROLI
1354 311 1420 344 VII

409 399 453 434 et
471 389 708 434 animosos
732 404 780 432 se
802 386 1077 449 probassent
1096 423 1106 444 ,
1126 387 1375 450 partiretur
1397 397 1536 451 atque
1558 390 1798 438 distribue-

408 474 549 522 retur,
578 464 892 525 darenturque
916 463 982 508 eis
1006 463 1234 526 stipendia
1253 464 1514 523 ordinarie,
1541 475 1592 511 ut
1619 482 1801 529 semper

407 556 515 586 cum
537 540 676 584 armis
698 548 744 584 et
765 539 896 601 equis
915 540 1117 603 expediti
1136 550 1288 587 essent
1314 541 1374 586 ad
1394 542 1588 606 imperia
1607 553 1652 589 et
1674 560 1803 589 man-

406 617 512 662 data
529 617 648 677 regis
665 615 964 678 exsequenda
976 619 1005 662 ¹.
1025 620 1091 662 Ex
1111 617 1189 663 illa
1204 618 1342 678 igitur
1357 627 1484 665 tanta
1500 619 1803 666 multitudine

409 693 649 738 decretum
673 702 742 738 est
771 702 821 738 ut
844 692 969 739 mille
995 703 1041 738 et
1063 694 1328 756 quingentae
1352 695 1522 741 lanceae
1547 695 1804 758 deligeren-

410 779 483 814 tur
505 785 560 814 ex
592 769 647 814 iis
682 769 763 831 qui
792 777 949 829 aetate,
977 778 1151 816 statura
1173 771 1384 835 corporis
1414 781 1460 817 et
1482 772 1805 819 membrorum

411 845 695 901 valetudine,
733 846 864 908 equis
894 855 1034 909 atque
1065 848 1206 892 armis
1242 864 1336 911 prae
1371 849 1545 894 caeteris
1573 849 1802 909 instructi,

411 926 686 971 valentiores
731 935 777 970 et
818 926 964 987 magis
1006 927 1182 971 strenui
1227 936 1535 989 putarentur3
1584 927 1806 989 quodque

412 1002 574 1048 lancea
617 1000 834 1064 quaelibet
870 1001 991 1046 duos
1025 1002 1284 1063 sagittarios
1319 1012 1365 1048 et
1397 1019 1548 1048 unum
1584 1002 1807 1048 famulum

414 1088 650 1141 equestres
674 1087 720 1123 et
743 1087 945 1123 armatos
975 1077 1194 1136 haberet,
1221 1095 1329 1125 cum
1358 1079 1543 1125 duobus
1565 1080 1811 1141 mangoni-

413 1154 501 1200 bus
523 1155 604 1217 qui
626 1149 772 1218 equos
797 1163 1087 1201 armatorum
1110 1155 1346 1201 custodire
1374 1165 1419 1202 et
1448 1172 1703 1219 procurare
1727 1156 1809 1202 ha-

416 1232 609 1290 berent3
637 1242 682 1277 et
709 1233 775 1277 sic
807 1231 1024 1295 quaelibet
1056 1232 1217 1278 lancea
1251 1232 1446 1278 haberet
1470 1249 1547 1279 sex
1586 1249 1732 1296 equos
1767 1243 1812 1279 et

418 1325 516 1354 non
555 1308 727 1371 plures.
768 1309 1044 1370 Hujusmodi
1070 1319 1227 1354 autem
1252 1309 1422 1355 lanceae
1451 1309 1576 1356 mille
1599 1320 1643 1355 et
1677 1311 1813 1373 quin-

421 1395 566 1447 gentae
583 1385 670 1430 sub
689 1385 959 1448 quindecim
975 1386 1229 1449 capitaneis
1257 1402 1338 1431 seu
1362 1386 1587 1448 magistris
1613 1386 1812 1432 militum

422 1463 681 1509 commissae
703 1470 836 1522 sunt,
861 1480 1067 1526 quorum
1090 1464 1288 1526 quisque
1308 1462 1396 1508 sub
1413 1462 1585 1508 ducatu
1603 1479 1688 1509 suo
1708 1479 1815 1508 cen-

424 1552 526 1587 tum
547 1540 741 1586 haberet
768 1540 980 1596 lanceas3
1009 1549 1054 1585 et
1076 1539 1152 1585 hic
1174 1556 1424 1598 numerus,
1451 1550 1544 1584 tam
1564 1556 1650 1603 pro
1672 1539 1815 1585 tutela

424 1619 580 1681 regni,
610 1633 751 1680 quam
785 1633 873 1679 pro
909 1616 1240 1679 recuperandis
1271 1617 1402 1661 terris
1434 1632 1536 1678 quae
1569 1615 1721 1661 adhuc
1756 1615 1815 1661 ab

424 1694 638 1740 hostibus
674 1693 1026 1750 detinebantur,
1067 1693 1276 1738 sufficere
1311 1692 1514 1737 creditus
1549 1697 1666 1737 est2.
1714 1696 1814 1737 Imo

426 1770 591 1834 procul
614 1769 759 1815 dubio
781 1768 1076 1814 abundanter
1096 1769 1156 1814 ad
1176 1769 1333 1814 omnia
1353 1768 1677 1829 hujuscemodi
1694 1767 1817 1813 suffi—

427 1850 555 1894 ciens
591 1857 713 1904 erat,
764 1855 939 1891 attenta
986 1846 1185 1890 maxime
1237 1844 1461 1890 fiscalium
1508 1844 1817 1889 diminutione

431 1923 658 1982 mirabili,
687 1940 743 1970 eo
776 1921 905 1984 quod
938 1921 1088 1982 major
1121 1937 1228 1983 pars
1260 1921 1399 1966 totius
1424 1920 1580 1982 regni,
1619 1929 1670 1963 ut
1700 1936 1819 1981 saepe

431 2003 694 2060 retulimus,
730 1999 917 2064 populis
948 1998 1170 2043 exhausta
1198 2008 1242 2043 et
1274 2006 1490 2054 vacuata,
1526 1995 1741 2058 squalens
1777 2005 1820 2040 et

431 2080 607 2126 inculta
630 2077 828 2141 jacebat.
857 2079 913 2120 Et
935 2074 1063 2137 quod
1096 2074 1155 2120 ad
1177 2073 1418 2136 przedictas
1443 2072 1660 2118 utilitates
1694 2071 1820 2117 suffi-

431 2160 557 2204 ciens
595 2173 762 2203 manus
797 2164 937 2210 esset,
978 2153 1084 2198 satis
1116 2151 1294 2215 liquido
1330 2160 1492 2215 postea
1527 2160 1821 2214 compertum

486 2323 521 2358 1.
556 2321 628 2357 Sur
655 2318 708 2355 les
737 2323 1019 2354 remontrances
1053 2312 1118 2349 des
1143 2305 1244 2348 Etats
1275 2311 1326 2348 du
1358 2324 1539 2361 royaume
1574 2309 1775 2348 assembles
1804 2311 1823 2345 a

433 2380 589 2417 Orleans
615 2391 663 2415 en
693 2378 792 2413 1439
808 2405 818 2422 ,
846 2376 899 2412 les
926 2373 1035 2411 bases
1055 2370 1101 2408 de
1124 2379 1219 2408 cette
1248 2371 1412 2407 reforme
1437 2371 1588 2407 avaient
1614 2370 1671 2406 ete
1694 2368 1824 2419 posees

434 2440 527 2476 dans
547 2451 621 2475 une
643 2434 873 2473 declaration
893 2433 1014 2483 quise
1033 2440 1170 2468 trouve
1193 2443 1242 2468 au
1260 2438 1361 2468 tome
1383 2432 1477 2466 XIII
1498 2431 1550 2479 (p.
1573 2430 1663 2475 306>
1679 2427 1731 2464 du
1752 2429 1824 2463 Re-

434 2502 529 2535 cueil
549 2499 612 2533 des
640 2497 915 2533 Ordonnances.

486 2561 522 2593 2.
544 2561 596 2594 Le
610 2564 710 2593 texte
726 2555 772 2593 de
787 2562 881 2592 cette
897 2554 1123 2603 importante
1142 2550 1383 2588 ordonnance
1401 2562 1448 2586 ne
1467 2562 1506 2586 se
1525 2556 1701 2586 retrouve
1719 2546 1822 2597 plus3

436 2617 528 2655 mais
543 2619 593 2652 M.
615 2616 736 2652 Vallet
752 2615 798 2652 de
812 2613 982 2651 Viriville
1001 2626 1023 2648 a
1047 2611 1111 2648 fait
1130 2610 1324 2647 connaitrc
1344 2609 1468 2645 divers
1488 2608 1712 2658 reglements
1735 2617 1824 2655 pro-

435 2674 606 2725 mulgues
637 2687 733 2722 pour
767 2672 1007 2719 l’execution‚
1045 2671 1126 2707 l’un
1145 2679 1249 2707 entre
1268 2678 1393 2707 autres
1414 2668 1498 2706 date
1521 2667 1566 2704 de
1585 2664 1823 2716 Louppy-le-

435 2736 601 2773 Chaiteau
620 2734 776 2778 (Mense)
796 2732 831 2768 le
846 2734 894 2768 26
916 2732 989 2767 mai
1006 2732 1122 2767 1445.
1150 2729 1402 2776 Biblintlaeque
1421 2730 1467 2764 de
1490 2729 1611 2762 l’e‘cole
1623 2727 1687 2761 des
1703 2724 1822 2760 Char-

436 2805 500 2841 tes,
527 2801 552 2829 t.
575 2792 629 2826 ΙΙΙ
649 2792 701 2836 (⁹2²
722 2789 844 2836 serie),
863 2803 900 2838 p.
926 2791 1012 2825 124.
