2037 3442
779 268 923 305 LIBER
951 267 1176 314 QUINTUS.
1608 267 1680 303 317

277 350 494 413 nequiter
540 349 741 396 admissa
787 351 1061 397 condonare
1106 350 1260 396 vellet.
1307 349 1462 396 Talem
1507 350 1683 396 exitum

279 444 397 493 saepe
420 428 652 473 invenisse
668 464 679 486 ,
703 428 783 489 qui
807 445 970 489 regum
988 445 1041 473 ac
1062 427 1330 491 principum
1352 426 1683 473 familiaritates

278 505 520 564 acquirere
544 503 844 561 studuerunt,
865 512 911 548 et
933 520 998 560 sc,
1020 503 1134 548 dum
1160 505 1266 549 talia
1289 513 1444 549 essent
1465 505 1681 562 assecuti,

279 579 431 625 felices
461 579 810 637 existimabant,
837 579 885 623 in
909 580 1041 624 omni
1066 580 1158 625 fere
1179 596 1324 642 regno
1357 590 1402 625 et
1435 591 1573 643 gente
1597 582 1686 627 sre-

279 655 583 718 quentissime
607 665 908 719 compertum
939 665 1032 713 est;
1072 655 1332 718 taliumque
1360 657 1686 720 exemplorum

279 728 294 792 [
298 730 445 794 plenae
462 729 592 795 sunt]
612 740 657 778 et
679 741 858 778 veteres
875 731 1068 778 annales
1089 741 1134 778 et
1153 733 1440 779 recentiores
1461 733 1683 781 historiae.

718 899 1057 944 CAPITULUM
1092 901 1254 944 XXIV.

480 1007 638 1051 Qualiter
653 1007 799 1042 Carolus
817 1020 878 1042 rex
894 1020 975 1054 erga
992 1007 1057 1042 Dei
1076 1008 1266 1042 Ecclesiam
1286 1021 1320 1042 se
1337 1008 1475 1045 habuit.

347 1115 599 1163 Ecclesiam
619 1117 706 1163 Dei
729 1126 775 1164 et
796 1116 1020 1164 decorem
1043 1117 1216 1164 domus
1237 1117 1337 1180 ejus
1362 1127 1504 1181 atque
1532 1116 1692 1162 hono-

280 1207 380 1238 rem
401 1192 527 1239 idem
548 1193 742 1240 Carolus
760 1194 962 1240 multum
981 1194 1165 1252 dilexit3
1189 1194 1341 1253 unde,
1365 1209 1474 1240 cum
1490 1192 1692 1240 schisma

280 1272 401 1316 inter
436 1272 698 1334 Eugenium
727 1272 1005 1336 pontificem
1024 1275 1035 1297 ¹
1060 1283 1106 1319 et
1135 1273 1401 1319 Concilium
1432 1272 1688 1330 Generale,

279 1349 411 1411 quod
445 1348 544 1412 ipse
580 1350 706 1413 apud
738 1349 963 1396 Basileam
997 1349 1166 1396 urbem
1202 1350 1467 1396 Germaniae
1499 1366 1695 1412 congre-

279 1435 435 1486 garat,
480 1425 705 1472 obortum
737 1427 897 1473 fuisset
933 1430 1015 1489 (eo
1048 1427 1181 1491 quod
1217 1427 1374 1491 ipsum
1407 1427 1690 1486 concilium,

281 1502 452 1548 eodem
469 1504 681 1565 Eugenio
699 1503 924 1568 pontifice
942 1504 1160 1569 deposito
1174 1541 1185 1562 ,
1206 1503 1493 1564 Amedeum,
1521 1502 1695 1550 Sabau-

280 1578 366 1624 diae
390 1578 588 1640 ducem,
615 1581 696 1643 qui
720 1597 804 1644 per
829 1580 1010 1644 aliquot
1033 1591 1142 1628 ante
1160 1597 1312 1627 annos
1333 1581 1477 1627 vitam
1498 1580 1695 1627 duxerat

278 1654 629 1715 heremiticam,
657 1657 705 1702 in
731 1674 971 1704 summum
1014 1657 1297 1704 Pontificem
1332 1657 1610 1704 sublimarat
1650 1666 1696 1703 et

281 1726 481 1780 Felicem
525 1734 844 1796 nominarat),
896 1752 952 1781 ex
993 1752 1090 1798 quo
1132 1734 1401 1798 periculoso
1446 1733 1697 1781 schismate

280 1827 503 1874 magnum
522 1809 773 1856 discrimen
795 1810 1011 1857 Ecclesiae
1034 1812 1120 1856 Dei
1144 1811 1393 1858 imminere
1419 1828 1556 1876 posse
1579 1812 1698 1857 veri-

281 1887 492 1933 similiter
512 1886 784 1946 timebatur,
812 1887 873 1934 ad
891 1887 1008 1934 illud
1034 1887 1447 1950 exstinguendum,
1470 1898 1697 1951 tanquam

282 1965 540 2011 catholicus
565 1975 612 2011 et
645 1965 1060 2012 christianissimus
1092 1966 1311 2031 princeps
1342 1966 1600 2030 plurimum
1629 1966 1700 2012 la-

283 2039 500 2088 borabat.
530 2044 587 2087 Et
606 2042 820 2101 tandem,
847 2053 955 2107 post
974 2042 1162 2090 crebras
1183 2053 1230 2090 et
1250 2042 1420 2090 multas
1442 2043 1699 2105 legationes

282 2135 400 2182 quas
441 2117 504 2164 ob
538 2118 814 2181 hujusmodi
855 2136 1046 2166 causam
1087 2121 1225 2167 variis
1262 2121 1452 2166 miserat
1485 2118 1694 2180 vicibus,

284 2206 448 2261 optato
473 2197 672 2260 potitus,
700 2196 761 2244 ad
784 2197 1050 2244 cedendum
1079 2197 1272 2261 praefato
1296 2197 1541 2261 pontificio
1567 2213 1699 2243 eum-

284 2274 395 2321 dem
411 2274 672 2321 Amedeum
689 2292 773 2322 seu
790 2275 990 2321 Felicem
1004 2276 1206 2322 inflexit:
1226 2293 1280 2322 ex
1305 2293 1402 2339 quo
1423 2276 1579 2340 ipsum
1592 2293 1701 2340 per-

284 2352 518 2398 niciosum
553 2351 756 2399 schisma
793 2351 1040 2417 [to]taliter
1076 2354 1287 2417 sopitum
1322 2354 1701 2417 exstinctumque

286 2429 417 2488 suit²,
458 2429 653 2476 Nicolao
678 2431 737 2490 V,
773 2440 881 2494 post
910 2432 1173 2494 Eugenium
1211 2434 1371 2477 Romae
1409 2432 1696 2495 subrogato,

287 2506 428 2553 unico
444 2517 489 2554 et
512 2506 780 2554 indubitato
805 2506 1033 2572 pontifice
1059 2508 1275 2556 Ecclesiae
1299 2512 1522 2557 Romanae
1547 2526 1702 2557 rema-

285 2592 445 2630 nente.

343 2705 382 2740 1.
413 2704 571 2755 Eugene
591 2705 656 2741 IV.

343 2764 385 2803 2.
416 2766 438 2801 9
463 2763 558 2801 avril
581 2765 698 2801 1449.
