2037 3442
688 311 831 347 LIBER
858 312 1097 357 QUARTUS.
1530 313 1601 348 189

683 491 1013 534 CAPITULUM
1051 492 1108 534 Χ.

201 616 406 660 Quomodo,
424 618 604 652 occasione
624 626 822 664 treugarum
844 627 876 652 et
903 617 1091 651 deditionis
1118 619 1263 652 civitatis
1287 620 1603 665 Cenomannensis,

249 675 434 710 seditiones
453 676 540 709 inter
558 678 685 722 Anglos
703 686 780 710 sunt
796 677 963 718 subortae;
981 685 1013 709 et
1030 675 1073 709 de
1092 677 1323 710 exstinctione
1341 677 1440 711 ducis
1463 680 1606 714 Gloces-

250 736 323 769 triae
345 745 376 769 et
393 737 547 782 episcopi
565 737 821 770 Cichestrensis.

270 848 407 890 Facta
440 845 595 906 itaque
629 855 698 890 est
724 845 867 907 ipsius
892 844 1086 890 civitatis
1119 843 1318 889 deditio.
1354 848 1468 900 Quae
1505 862 1575 891 res
1595 884 1605 903 ,

205 922 343 968 simul
378 932 422 967 et
459 932 627 984 treugae
667 939 773 968 cum
810 921 994 967 Francis
1034 920 1230 978 habitae,
1271 921 1525 965 maximam
1561 922 1608 966 in

211 999 419 1060 Angliam
442 999 685 1044 turbarum
708 1015 761 1044 ac
787 999 1069 1043 seditionum
1095 998 1395 1043 occasionem
1420 998 1612 1043 invexe—

208 1085 332 1120 runt.
376 1075 605 1121 Ferebant
648 1076 935 1139 displicuisse
979 1091 1164 1137 semper
1205 1074 1313 1119 duci
1344 1074 1611 1120 Glocestriae

208 1161 391 1212 treugas
416 1152 537 1214 ipsas
561 1170 669 1197 cum
686 1152 870 1197 Francis
893 1160 1065 1213 captas,
1090 1151 1170 1213 qui
1195 1151 1314 1211 regis
1344 1152 1515 1212 Ang‘liae
1534 1169 1613 1215 pa·—

209 1238 339 1274 truus
380 1238 477 1273 erat
523 1238 567 1273 et
605 1230 702 1291 ejus
744 1228 999 1290 impuberis
1040 1229 1234 1273 tutelam
1270 1228 1507 1290 totiusque
1548 1230 1613 1273 rei

210 1303 665 1351 administrationem
687 1305 833 1350 multo
861 1315 1074 1368 tempore
1099 1304 1343 1349 habuerat.
1375 1305 1615 1351 Existima-

210 1380 293 1425 bat
318 1380 434 1427 forte
460 1382 577 1444 ipse,
605 1383 684 1445 qui
710 1382 916 1445 prudens
937 1382 1007 1426 vir
1030 1391 1074 1427 et
1099 1382 1145 1426 in
1164 1381 1326 1427 litteris
1355 1383 1463 1428 satis
1487 1400 1616 1428 com-

212 1467 425 1520 petenter
461 1459 693 1504 institutus
732 1469 856 1516 erat,
899 1475 1071 1521 easque
1106 1459 1362 1521 plurimum
1399 1459 1613 1517 amabat,

211 1533 406 1579 infirmis
429 1536 594 1580 animis
621 1536 904 1597 Anglorum,
933 1546 978 1581 et
1002 1552 1121 1598 quos
1149 1536 1208 1581 ad
1237 1535 1489 1581 seditiones
1511 1554 1618 1599 pro-

213 1610 352 1656 clives
378 1611 655 1675 deditosque
678 1629 777 1658 esse
801 1622 1086 1674 agnosceret,
1122 1622 1299 1658 metum
1329 1616 1619 1659 Francorum

213 1705 321 1734 cum
344 1688 516 1750 quibus
533 1689 655 1734 bella
675 1699 905 1752 gererent,
932 1699 1157 1752 tanquam
1184 1689 1375 1752 pupillis
1393 1699 1615 1749 tutorem,

215 1767 616 1828 pernecessarium
660 1776 799 1828 atque
836 1766 996 1811 utilem
1031 1766 1155 1825 fore,
1202 1766 1343 1811 veluti
1383 1766 1464 1828 qui
1504 1783 1615 1825 eos,

216 1842 443 1905 quamdiu
482 1843 811 1904 hujuscemodi
844 1843 1042 1888 externis
1079 1843 1294 1906 occupati
1330 1853 1616 1902 tenerentur,

218 1919 276 1965 ab
299 1920 528 1965 intestinis
547 1930 591 1965 et
605 1920 816 1966 civilibus
839 1920 1079 1966 cohiberet
1099 1930 1237 1983 atque
1255 1920 1529 1966 refrenaret.
1547 1922 1622 1967 Sic

218 1997 344 2040 enim
378 1997 489 2041 olim
526 1997 601 2042 ille
638 1998 822 2060 sapiens
862 1998 1015 2060 Scipio
1050 1998 1211 2043 Nasica
1247 2007 1424 2043 metum
1460 2000 1623 2044 stantis

220 2072 511 2135 Carthaginis
538 2072 735 2118 infirmis
762 2076 1078 2118 Romanorum
1109 2074 1277 2119 animis
1303 2075 1620 2119 necessarium

221 2165 318 2193 esse
351 2148 598 2206 censebat3
642 2159 687 2194 et
720 2160 969 2213 propterea
1001 2151 1192 2196 minime
1231 2167 1335 2197 cam
1371 2151 1623 2196 delendam

222 2242 336 2284 esse,
354 2226 425 2287 cuj
434 2243 485 2270 us
502 2227 663 2272 stantis
676 2237 827 2272 metus
839 2231 1161 2274 Romanorum
1179 2231 1380 2288 animos,
1394 2245 1453 2274 ne
1468 2229 1625 2275 civiles

223 2303 268 2347 in
307 2303 565 2349 discordias
604 2304 897 2361 laberentur,
939 2305 1110 2351 utiliter
1145 2305 1444 2369 prohibebat.
1490 2306 1626 2352 Unde

223 2380 480 2443 prudenter
503 2381 903 2427 animadvertebat
926 2382 1049 2428 idem
1081 2383 1175 2428 dux
1206 2383 1475 2428 Glocestriae
1499 2399 1626 2429 eam-

225 2457 331 2502 dem
352 2458 558 2504 civilium
580 2460 700 2504 inter
724 2476 770 2505 se
788 2459 1131 2507 discordiarum
1150 2461 1482 2518 calamitatem,
1505 2477 1625 2522 quae,

225 2536 503 2597 Carthagine
536 2536 713 2595 deleta,
743 2536 857 2582 olim
883 2539 1107 2584 Romanis
1143 2538 1431 2600 contigerat,
1459 2538 1495 2582 si
1518 2555 1627 2583 cum

227 2613 412 2658 Francis
436 2613 556 2659 bella
580 2623 767 2659 externa
791 2631 887 2659 non
922 2625 1127 2676 gererent
1149 2651 1159 2672 ⁷
1186 2615 1492 2662 verisimiliter
1520 2632 1627 2678 per·

226 2700 489 2737 venturam.

294 2771 406 2824 Quae
440 2779 563 2814 certe
597 2769 738 2832 ipsius
772 2770 1054 2816 existimatio
1088 2771 1307 2817 eumdem
1334 2772 1527 2818 minime
1564 2773 1632 2817 fe·-
