2142 3473
710 365 853 401 LIBER
890 365 1087 403 PRIMUS.
1554 367 1595 402 11

202 456 473 510 reputarent
493 462 547 492 ac
567 446 888 506 defensorem3
919 448 1248 510 ejeceruntque
1266 464 1290 493 e
1309 447 1602 510 Rothomago

202 526 458 581 Joannem,
486 524 708 570 comitem
742 524 801 570 de
832 525 1107 571 Alba-Mala¹
1132 542 1242 571 cum
1265 525 1359 570 suis
1375 562 1385 582 ,
1412 526 1492 588 qui
1516 525 1604 571 ibi-

204 599 314 645 dem
344 600 618 646 auctoritate
643 602 799 663 regali,
826 618 912 665 pro
937 611 1068 665 parte
1092 599 1520 658 Aurelianensfflm,
1544 602 1605 648 ad

205 674 467 720 custodiam
489 675 635 722 fuerat
658 676 908 739 deputatus
926 697 937 734 ·,
962 686 1006 722 et
1028 677 1200 739 pariter
1224 676 1272 721 in
1293 676 1392 721 aliis
1413 677 1608 724 civitati-

204 749 292 796 bus
314 760 360 796 et
383 751 521 810 locis,
549 753 629 814 qui
651 762 933 815 potuerunt,
953 752 1012 799 de
1034 753 1129 817 suis
1151 752 1404 816 capitaneis
1423 768 1606 799 earum-

203 826 313 872 dem
336 827 542 889 partium
565 827 836 873 effecerunt.

266 906 418 966 Atque
437 920 491 949 ea
509 913 799 968 tempestate,
815 921 840 950 e
855 903 1065 968 partibus
1078 903 1497 963 Aurelianensium,
1510 903 1605 949 dux

201 989 340 1041 atque
373 981 591 1044 princeps
624 981 797 1027 militiae
820 982 956 1042 regiae
988 981 1170 1044 (quem
1201 980 1605 1026 constabularium

200 1057 341 1119 vulgo
367 1058 624 1121 appellant)
647 1068 746 1104 erat
764 1074 923 1104 comes
945 1058 1238 1117 Arminiaci‘2,
1268 1058 1350 1120 qui
1382 1057 1441 1103 de
1472 1058 1606 1103 terris

201 1136 295 1180 suis
319 1144 365 1181 et
384 1135 442 1180 de
462 1136 694 1181 Vasconia
717 1151 937 1197 magnam
955 1143 1224 1197 aggregarat
1241 1134 1474 1180 militiam.
1497 1137 1607 1180 Bur-

200 1213 464 1275 gundiones
489 1230 652 1259 omncs
672 1214 876 1260 adversae
896 1213 1132 1270 factionis,
1154 1213 1492 1277 cujuscumque
1516 1224 1607 1260 sta-

199 1298 273 1335 tus
307 1298 446 1352 atque
476 1290 656 1335 ordinis
680 1300 859 1350 essent,
890 1292 1188 1336 Armeniacos
1217 1291 1351 1353 quasi
1375 1290 1606 1354 probrose

199 1366 577 1429 appellaverunt,
599 1367 791 1413 eosdem
806 1403 816 1426 ,
831 1367 939 1413 licet
960 1367 1048 1413 sub
1071 1367 1197 1429 regia
1221 1368 1445 1430 dignitate
1466 1378 1606 1432 atque

200 1442 470 1490 obedientia
520 1454 792 1502 manerent,
837 1444 1042 1490 Gallicos
1082 1460 1163 1490 seu
1214 1447 1417 1490 Francos
1452 1445 1606 1490 nomi-

201 1535 314 1565 nare
348 1536 446 1565 non
483 1519 747 1582 dignantes.
779 1519 943 1566 Videre
968 1529 1068 1566 erat
1101 1530 1213 1566 tunc
1244 1537 1403 1566 rerum
1439 1521 1607 1567 faciem

200 1605 246 1642 et
277 1604 449 1642 statum
478 1606 578 1642 toto
606 1614 753 1658 regno
776 1596 990 1643 turbatos
1010 1596 1335 1643 miserabiliter
1363 1614 1372 1641 z
1400 1598 1606 1644 civitates

200 1673 424 1720 adversus
447 1690 546 1720 sese
570 1675 772 1720 invicem
807 1690 938 1720 arma
961 1690 1129 1738 capere
1144 1709 1156 1733 ,
1183 1690 1237 1720 ac
1260 1674 1534 1720 tumultuari
1558 1675 1605 1721 in

200 1769 293 1798 una
313 1753 526 1809 civitate,
545 1752 725 1816 oppido
748 1768 828 1798 seu
851 1751 985 1810 villa,
1005 1752 1186 1799 vicinos
1213 1761 1380 1797 contra
1396 1751 1602 1812 vicinos;

200 1828 296 1874 imo
342 1830 389 1874 in
437 1829 603 1875 eadem
649 1829 795 1875 domo
836 1839 975 1892 atque
1010 1829 1204 1883 familia,
1243 1829 1405 1875 fratres
1440 1839 1607 1877 contra

200 1905 365 1952 fratres
388 1916 434 1952 et
457 1905 577 1953 filios
601 1916 765 1952 contra
787 1915 1027 1970 parentes,
1053 1915 1099 1952 et
1117 1906 1218 1952 vice
1236 1922 1392 1962 versa,
1417 1907 1576 1953 saevire
1591 1945 1602 1967 ,

199 1983 386 2047 probris
409 1994 454 2030 et
487 1983 785 2030 contumeliis
808 2000 909 2029 sese
934 1982 1141 2043 afficere,
1168 1983 1267 2029 aliis
1294 1983 1355 2029 ad
1386 1983 1503 2030 alios
1532 1985 1606 2030 vel

202 2060 546 2121 Burgundionis
574 2077 773 2120 nomen,
801 2061 874 2106 vel
898 2060 1182 2119 Armeniaci,
1209 2060 1606 2124 exprobrantibus

200 2146 245 2182 et
258 2154 346 2201 pro
364 2139 568 2185 maxima
591 2138 760 2200 injuria
786 2146 925 2200 atque
943 2137 1227 2184 contumelia
1249 2139 1603 2202 reputantibus,

200 2214 372 2261 deinde
408 2215 467 2261 ad
499 2215 695 2262 verbera
720 2225 766 2261 et
788 2214 935 2261 caedes
966 2215 1197 2278 prosilire.
1229 2218 1414 2277 Itaque,
1441 2216 1607 2279 procul

199 2291 366 2353 dubio,
393 2294 698 2339 seminarium
722 2292 834 2338 illud
862 2292 1132 2356 pestiferum
1153 2302 1293 2355 atque
1316 2292 1606 2339 virulentum

201 2369 436 2415 bellorum
452 2407 462 2427 ,
496 2369 742 2416 turbarum
763 2378 807 2416 et
825 2369 1112 2416 seditionum
1129 2370 1290 2416 omnia
1314 2387 1446 2434 paene
1475 2373 1606 2434 regni

200 2445 302 2492 loca
317 2447 600 2510 repleverat,
619 2447 666 2491 in
690 2463 840 2509 eoque
863 2447 983 2493 adeo
1007 2447 1097 2493 alte
1120 2447 1300 2493 radices
1324 2448 1534 2509 miserat,
1553 2460 1607 2496 ut

199 2524 275 2570 vix
288 2534 395 2588 post
417 2540 569 2570 annos
592 2525 931 2587 quinquaginta
955 2525 1198 2588 exstirpari
1215 2534 1356 2588 atque
1381 2525 1605 2572 eradicari

199 2599 258 2646 ab
272 2617 329 2647 eo
352 2601 583 2664 potuerit3
607 2601 705 2647 imo
729 2610 856 2648 certe
881 2617 968 2647 nec
994 2600 1265 2660 adhuc,his
1287 2601 1600 2666 temporibus,

253 2772 289 2809 1.
321 2772 414 2807 Jean
432 2768 478 2806 de
495 2772 700 2818 Harcourt,
722 2778 844 2808 comte
857 2769 1070 2809 d’Aumale.

251 2829 289 2865 2.
319 2827 488 2866 Bernard
507 2828 760 2881 d’Armagnac
782 2829 839 2867 fut
853 2829 1076 2869 connetable
1097 2830 1308 2870 seulement
1327 2843 1375 2869 en
1395 2833 1513 2869 1415.
