2037 3442
473 275 548 308 240
862 272 1199 308 HISTORIARUM
1228 273 1404 307 CAROLI
1434 275 1502 308 VII

472 352 664 395 cineres.
694 353 743 394 In
769 350 1053 394 monasterio
1079 366 1191 394 vero
1213 352 1367 395 Sancti
1391 352 1632 413 Stephani¹
1652 361 1695 396 et
1715 352 1864 411 burgo

473 425 701 486 adjacenti
728 425 854 486 (licet
879 424 1047 469 domos
1071 425 1284 469 omnium
1309 441 1440 487 paene
1461 425 1862 482 suburbanorum,

473 517 574 563 quae
598 501 892 563 amplissimae
916 511 961 546 et
982 501 1238 562 magnificae
1265 501 1469 559 fuerant,
1496 511 1661 564 praeter
1686 518 1868 546 monas-

473 577 585 622 teria
614 587 659 622 et
684 577 921 637 ecclesias,
950 577 1232 623 exussissent
1255 577 1387 639 Angli
1415 577 1529 622 dum
1557 577 1642 622 sibi
1661 577 1872 623 viderent

473 654 771 700 obsidionem
812 654 1104 717 imminere),
1146 664 1295 699 castra
1328 654 1561 700 locaverat
1590 654 1687 716 jam
1723 653 1871 698 dictus

472 749 630 777 comes
656 731 1002 777 Richemundiae
1019 768 1029 788 ,
1056 730 1454 787 constabularius,
1483 730 1661 776 habens
1689 747 1743 774 ex
1777 730 1872 773 Bri-

474 808 662 854 tonibus
695 818 740 854 et
774 808 941 854 francis
972 807 1217 870 sagittariis
1250 824 1468 868 magnam
1493 817 1537 852 et
1561 806 1763 853 validam
1789 806 1874 850 mi-

473 886 637 931 litiam.

538 967 605 1009 Ita
643 962 873 1026 oppidum
906 979 961 1008 ex
1002 962 1132 1007 omni
1172 971 1304 1025 parte
1341 960 1590 1007 obsidione
1630 959 1869 1006 vallatum.

474 1041 643 1087 Mirum
668 1058 779 1086 vero
821 1050 917 1086 erat
942 1050 987 1085 et
1020 1040 1313 1085 horrendum
1338 1039 1568 1102 inspicere
1590 1038 1876 1084 bombardas

474 1136 557 1164 seu
580 1119 802 1182 petrarias
832 1118 1034 1180 ingentis
1060 1117 1424 1178 magnitudiniS‚
1455 1133 1563 1162 cum
1597 1116 1696 1161 aliis
1721 1115 1874 1160 mino·

474 1195 603 1240 ribus
623 1194 960 1240 bombardellis
978 1210 1109 1257 paene
1133 1193 1418 1251 innumeris,
1442 1191 1614 1255 quibus
1634 1191 1692 1237 ad
1713 1190 1876 1254 oppidi

473 1273 870 1335 expugnationem
897 1288 949 1316 ex
976 1271 1105 1316 omni
1133 1270 1276 1315 ferme
1309 1279 1440 1333 parte
1463 1270 1615 1333 ipsum
1647 1268 1877 1332 oppidum

474 1350 682 1394 cinctum
706 1359 830 1408 erat3
859 1364 968 1393 nam
987 1347 1045 1393 de
1063 1347 1319 1409 majoribus
1338 1346 1501 1407 viginti
1518 1356 1720 1407 quatuor
1742 1345 1878 1389 fuisse

474 1425 756 1482 referuntur,
776 1426 821 1470 in
841 1441 1044 1489 quarum
1058 1424 1394 1470 nonnullarum
1413 1422 1718 1468 foraminibus
1730 1421 1877 1466 homo

475 1503 642 1549 sedens
679 1503 835 1562 facile,
878 1502 1058 1548 cervice
1097 1510 1274 1559 erecta,
1314 1510 1433 1545 stare
1474 1499 1718 1562 potuisset.
1765 1500 1880 1553 Quae

475 1581 583 1627 licet
599 1598 764 1627 omnes
787 1581 881 1626 sitae
901 1590 943 1625 et
970 1589 1140 1643 paratae
1159 1578 1219 1624 ad
1234 1576 1472 1640 jaciendas
1492 1586 1645 1639 petras
1667 1574 1876 1632 fuissent,

476 1659 614 1704 unius
639 1668 792 1703 tamen
819 1658 961 1702 solius
991 1656 1141 1717 J'actus
1177 1656 1239 1700 ita
1265 1654 1481 1700 obsessos
1504 1651 1752 1709 exterruit,
1782 1666 1879 1695 me-

476 1735 642 1779 tientes
667 1751 720 1779 ex
746 1733 936 1778 modico
968 1731 1105 1794 quale
1144 1731 1405 1794 periculum
1446 1731 1510 1775 eis
1547 1726 1876 1792 impendebat,

476 1810 514 1854 si
538 1810 711 1872 pariter
735 1809 908 1854 moenia
930 1818 975 1853 et
1011 1817 1158 1853 turres
1183 1825 1234 1852 ex
1260 1806 1482 1852 omnibus
1509 1821 1738 1867 percussae
1771 1803 1880 1848 fuis-

477 1895 580 1930 sent
601 1922 611 1942 ,
650 1894 702 1930 ut
733 1885 887 1931 statim
923 1883 1135 1928 inducias
1165 1891 1377 1945 peterent
1412 1881 1471 1927 ad
1510 1880 1785 1926 habendum
1822 1879 1881 1924 de

478 1960 719 2006 deditione
757 1961 1049 2022 colloquium
1081 1969 1126 2004 et
1170 1969 1434 2005 tractatum.
1484 1961 1539 2003 Et
1582 1956 1657 2002 ille
1688 1956 1881 2018 quidem

477 2037 752 2083 bombardae
792 2039 971 2100 jactus,
1014 2046 1180 2100 praeter
1223 2036 1398 2081 ducum
1436 2034 1817 2097 dispositionem,
1857 2049 1882 2078 a

478 2116 699 2177 magistro
727 2114 1002 2160 bombardae
1027 2113 1174 2158 sactus
1199 2112 1364 2157 suerat.
1392 2114 1498 2155 Erat
1517 2110 1781 2157 bombarda
1797 2109 1881 2154 sita

478 2208 627 2255 prope
652 2190 855 2250 vallum,
886 2208 940 2236 ex
966 2190 1184 2235 inferiore
1208 2199 1337 2251 parte
1361 2187 1622 2234 suburbani
1644 2196 1880 2231 monaste-

479 2268 535 2312 rii
579 2270 756 2313 Sanctae
787 2266 1048 2322 Trinitatis,
1084 2265 1143 2310 ad
1180 2265 1411 2310 directum
1444 2264 1539 2308 sive
1579 2272 1881 2326 prospectum

480 2343 725 2406 cujusdam
746 2343 910 2401 turris,
935 2344 981 2387 in
1003 2341 1237 2387 moenibus
1261 2341 1442 2404 oppidi.
1470 2343 1559 2385 Pro
1584 2340 1879 2384 munimento

480 2421 528 2465 in
562 2437 614 2466 ea
652 2421 766 2466 turri
805 2429 938 2465 erant
968 2416 1171 2481 quatuor
1205 2427 1285 2462 aut
1323 2417 1531 2479 quinque
1566 2415 1740 2476 Anglici
1773 2430 1880 2459 cum

482 2498 723 2543 nonnullis
746 2497 881 2543 fatuis
899 2496 1151 2559 juvenibus
1174 2495 1231 2541 de
1256 2495 1457 2558 oppido,
1487 2495 1566 2557 qui
1596 2493 1810 2539 convitiis
1838 2501 1882 2537 et

484 2575 668 2637 probris
686 2576 858 2638 jugiter
880 2574 1300 2635 Rothomagenses,
1327 2573 1406 2634 qui
1426 2571 1484 2617 ad
1509 2571 1770 2617 custodiam
1788 2568 1881 2613 illic

539 2745 574 2780 1.
604 2742 796 2792 L'abbaye
818 2743 864 2780 de
886 2735 1192 2787 Saint-Etienne,
1211 2741 1310 2778 alors
1328 2738 1418 2776 hors
1438 2739 1502 2777 des
1519 2752 1621 2776 murs
1644 2737 1691 2775 de
1713 2738 1824 2775 Caen.
