<?xml version="1.0" encoding="UTF-8"?>
<!DOCTYPE html PUBLIC "-//W3C//DTD XHTML 1.0 Transitional//EN"
    "http://www.w3.org/TR/xhtml1/DTD/xhtml1-transitional.dtd">
<html xmlns="http://www.w3.org/1999/xhtml" xml:lang="en" lang="en">
 <head>
  <title>
</title>
<meta http-equiv="Content-Type" content="text/html;charset=utf-8" />
  <meta name='ocr-system' content='tesseract 3.04.00' />
  <meta name='ocr-capabilities' content='ocr_page ocr_carea ocr_par ocr_line ocrx_word'/>
</head>
<body>
  <div class='ocr_page' id='page_1' title='image "./histoiredesrgn01basi_0347.png"; bbox 0 0 2037 3442; ppageno 0'>
   <div class='ocr_carea' id='block_1_1' title="bbox 708 289 1625 335">
    <p class='ocr_par' dir='ltr' id='par_1_1' title="bbox 708 289 1625 335">
     <span class='ocr_line' id='line_1_1' title="bbox 708 289 1625 335; baseline 0.007 -12"><span class='ocrx_word' id='word_1_1' title='bbox 708 289 849 324; x_wconf 70' lang='lat' dir='ltr'><strong>Is&#39;iBER</strong></span> <span class='ocrx_word' id='word_1_2' title='bbox 875 290 1114 335; x_wconf 85' lang='lat' dir='ltr'><strong>QUARTUS.</strong></span> <span class='ocrx_word' id='word_1_3' title='bbox 1551 294 1625 329; x_wconf 78' lang='lat'><strong>175</strong></span> 
     </span>
    </p>
   </div>
   <div class='ocr_carea' id='block_1_2' title="bbox 221 368 1629 2807">
    <p class='ocr_par' dir='ltr' id='par_1_2' title="bbox 221 368 1629 2807">
     <span class='ocr_line' id='line_1_2' title="bbox 225 368 1626 429; baseline 0.001 -15"><span class='ocrx_word' id='word_1_4' title='bbox 225 369 382 415; x_wconf 86' lang='lat' dir='ltr'><strong>turbas</strong></span> <span class='ocrx_word' id='word_1_5' title='bbox 410 370 748 429; x_wconf 87' lang='lat' dir='ltr'><strong>intestinosque</strong></span> <span class='ocrx_word' id='word_1_6' title='bbox 772 384 826 413; x_wconf 88' lang='lat' dir='ltr'><strong>ac</strong></span> <span class='ocrx_word' id='word_1_7' title='bbox 851 368 1135 413; x_wconf 89' lang='lat' dir='ltr'><strong>domesticos</strong></span> <span class='ocrx_word' id='word_1_8' title='bbox 1167 379 1323 414; x_wconf 87' lang='lat' dir='ltr'><strong>motus</strong></span> <span class='ocrx_word' id='word_1_9' title='bbox 1361 378 1407 414; x_wconf 90' lang='lat' dir='ltr'><strong>et</strong></span> <span class='ocrx_word' id='word_1_10' title='bbox 1435 370 1626 417; x_wconf 87' lang='lat' dir='ltr'><strong>seditio-</strong></span> 
     </span>
     <span class='ocr_line' id='line_1_3' title="bbox 226 444 1627 511; baseline 0.003 -21"><span class='ocrx_word' id='word_1_11' title='bbox 226 463 324 501; x_wconf 86' lang='lat' dir='ltr'><strong>nes,</strong></span> <span class='ocrx_word' id='word_1_12' title='bbox 352 462 454 507; x_wconf 84' lang='lat' dir='ltr'><strong>quae</strong></span> <span class='ocrx_word' id='word_1_13' title='bbox 473 445 605 492; x_wconf 82' lang='lat' dir='ltr'><strong>facile</strong></span> <span class='ocrx_word' id='word_1_14' title='bbox 630 444 805 490; x_wconf 82' lang='lat' dir='ltr'><strong>aboriri</strong></span> <span class='ocrx_word' id='word_1_15' title='bbox 825 454 1034 507; x_wconf 87' lang='lat' dir='ltr'><strong>possent.</strong></span> <span class='ocrx_word' id='word_1_16' title='bbox 1061 447 1163 490; x_wconf 90' lang='lat' dir='ltr'><strong>Non</strong></span> <span class='ocrx_word' id='word_1_17' title='bbox 1186 447 1510 508; x_wconf 77' lang='lat' dir='ltr'><strong>negaverimus</strong></span> <span class='ocrx_word' id='word_1_18' title='bbox 1527 449 1627 511; x_wconf 86' lang='lat' dir='ltr'><strong>qui·</strong></span> 
     </span>
     <span class='ocr_line' id='line_1_4' title="bbox 225 517 1621 584; baseline 0.004 -17"><span class='ocrx_word' id='word_1_19' title='bbox 225 522 333 568; x_wconf 91' lang='lat' dir='ltr'><strong>dem</strong></span> <span class='ocrx_word' id='word_1_20' title='bbox 370 523 478 568; x_wconf 88' lang='lat' dir='ltr'><strong>talia</strong></span> <span class='ocrx_word' id='word_1_21' title='bbox 512 517 782 583; x_wconf 74' lang='lat' dir='ltr'><strong>contin&#39;gere</strong></span> <span class='ocrx_word' id='word_1_22' title='bbox 806 538 943 584; x_wconf 90' lang='lat' dir='ltr'><strong>posse</strong></span> <span class='ocrx_word' id='word_1_23' title='bbox 961 557 972 579; x_wconf 75' lang='lat'><em>⁷</em></span> <span class='ocrx_word' id='word_1_24' title='bbox 1001 523 1344 584; x_wconf 80' lang='lat' dir='ltr'><strong>contigisseque</strong></span> <span class='ocrx_word' id='word_1_25' title='bbox 1370 524 1621 572; x_wconf 87' lang='lat' dir='ltr'><strong>interdum.</strong></span> 
     </span>
     <span class='ocr_line' id='line_1_5' title="bbox 226 598 1625 664; baseline 0.004 -21"><span class='ocrx_word' id='word_1_26' title='bbox 226 598 317 644; x_wconf 88' lang='lat' dir='ltr'><strong>Sed</strong></span> <span class='ocrx_word' id='word_1_27' title='bbox 333 598 414 643; x_wconf 90' lang='lat' dir='ltr'><strong>ubi</strong></span> <span class='ocrx_word' id='word_1_28' title='bbox 430 608 556 644; x_wconf 87' lang='lat' dir='ltr'><strong>tanta</strong></span> <span class='ocrx_word' id='word_1_29' title='bbox 572 599 793 644; x_wconf 86' lang='lat' dir='ltr'><strong>naturalis</strong></span> <span class='ocrx_word' id='word_1_30' title='bbox 808 598 969 642; x_wconf 75' lang='lat' dir='ltr'><strong>militia</strong></span> <span class='ocrx_word' id='word_1_31' title='bbox 980 598 1075 659; x_wconf 87' lang='lat' dir='ltr'><strong>regi</strong></span> <span class='ocrx_word' id='word_1_32' title='bbox 1090 600 1387 660; x_wconf 82' lang='lat' dir='ltr'><strong>regnoquein</strong></span> <span class='ocrx_word' id='word_1_33' title='bbox 1402 613 1625 664; x_wconf 89' lang='lat' dir='ltr'><strong>promptu</strong></span> 
     </span>
     <span class='ocr_line' id='line_1_6' title="bbox 226 673 1627 742; baseline 0.005 -24"><span class='ocrx_word' id='word_1_34' title='bbox 226 690 410 737; x_wconf 81' lang='lat' dir='ltr'><strong>semper</strong></span> <span class='ocrx_word' id='word_1_35' title='bbox 447 674 607 732; x_wconf 89' lang='lat' dir='ltr'><strong>adest,</strong></span> <span class='ocrx_word' id='word_1_36' title='bbox 635 685 680 720; x_wconf 90' lang='lat' dir='ltr'><strong>et</strong></span> <span class='ocrx_word' id='word_1_37' title='bbox 708 674 861 720; x_wconf 86' lang='lat' dir='ltr'><strong>adhuc</strong></span> <span class='ocrx_word' id='word_1_38' title='bbox 893 673 1051 731; x_wconf 79' lang='lat' dir='ltr'><strong>facile,</strong></span> <span class='ocrx_word' id='word_1_39' title='bbox 1082 674 1258 734; x_wconf 85' lang='lat' dir='ltr'><strong>absque</strong></span> <span class='ocrx_word' id='word_1_40' title='bbox 1290 691 1461 736; x_wconf 83' lang='lat' dir='ltr'><strong>magno</strong></span> <span class='ocrx_word' id='word_1_41' title='bbox 1497 680 1627 742; x_wconf 82' lang='lat' dir='ltr'><strong>regni</strong></span> 
     </span>
     <span class='ocr_line' id='line_1_7' title="bbox 227 750 1624 815; baseline 0.005 -21"><span class='ocrx_word' id='word_1_42' title='bbox 227 767 397 811; x_wconf 83' lang='lat' dir='ltr'><strong>onere,</strong></span> <span class='ocrx_word' id='word_1_43' title='bbox 437 753 642 815; x_wconf 79' lang='lat' dir='ltr'>paratior</span> <span class='ocrx_word' id='word_1_44' title='bbox 671 761 812 814; x_wconf 90' lang='lat' dir='ltr'><strong>atque</strong></span> <span class='ocrx_word' id='word_1_45' title='bbox 840 750 1101 813; x_wconf 75' lang='lat' dir='ltr'><strong>expeditior</strong></span> <span class='ocrx_word' id='word_1_46' title='bbox 1134 750 1255 795; x_wconf 82' lang='lat' dir='ltr'><strong>effici</strong></span> <span class='ocrx_word' id='word_1_47' title='bbox 1286 754 1432 813; x_wconf 82' lang='lat' dir='ltr'><strong>possit</strong></span> <span class='ocrx_word' id='word_1_48' title='bbox 1457 771 1543 799; x_wconf 91' lang='lat' dir='ltr'><strong>nec</strong></span> <span class='ocrx_word' id='word_1_49' title='bbox 1577 758 1624 801; x_wconf 89' lang='lat' dir='ltr'><strong>in</strong></span> 
     </span>
     <span class='ocr_line' id='line_1_8' title="bbox 225 825 1625 890; baseline 0.002 -19"><span class='ocrx_word' id='word_1_50' title='bbox 225 825 381 888; x_wconf 87' lang='lat' dir='ltr'><strong>aliquo</strong></span> <span class='ocrx_word' id='word_1_51' title='bbox 421 828 574 872; x_wconf 89' lang='lat' dir='ltr'><strong>minus</strong></span> <span class='ocrx_word' id='word_1_52' title='bbox 601 844 744 890; x_wconf 87' lang='lat' dir='ltr'><strong>quam</strong></span> <span class='ocrx_word' id='word_1_53' title='bbox 772 826 1058 872; x_wconf 88' lang='lat' dir='ltr'><strong>conductitia</strong></span> <span class='ocrx_word' id='word_1_54' title='bbox 1092 825 1253 871; x_wconf 82' lang='lat' dir='ltr'><strong>militia</strong></span> <span class='ocrx_word' id='word_1_55' title='bbox 1273 861 1284 883; x_wconf 83' lang='lat'>‚</span> <span class='ocrx_word' id='word_1_56' title='bbox 1321 828 1357 871; x_wconf 91' lang='lat' dir='ltr'><strong>si</strong></span> <span class='ocrx_word' id='word_1_57' title='bbox 1382 829 1523 873; x_wconf 89' lang='lat' dir='ltr'><strong>semel</strong></span> <span class='ocrx_word' id='word_1_58' title='bbox 1546 840 1625 874; x_wconf 90' lang='lat' dir='ltr'><strong>aut</strong></span> 
     </span>
     <span class='ocr_line' id='line_1_9' title="bbox 227 901 1626 966; baseline 0.001 -19"><span class='ocrx_word' id='word_1_59' title='bbox 227 902 314 962; x_wconf 83' lang='lat' dir='ltr'><strong>bis,</strong></span> <span class='ocrx_word' id='word_1_60' title='bbox 341 903 412 948; x_wconf 87' lang='lat' dir='ltr'><strong>vel</strong></span> <span class='ocrx_word' id='word_1_61' title='bbox 441 904 578 949; x_wconf 86' lang='lat' dir='ltr'><strong>etiam</strong></span> <span class='ocrx_word' id='word_1_62' title='bbox 616 903 790 966; x_wconf 82' lang='lat' dir='ltr'><strong>pluries</strong></span> <span class='ocrx_word' id='word_1_63' title='bbox 821 901 1032 965; x_wconf 83' lang='lat' dir='ltr'><strong>quolibet</strong></span> <span class='ocrx_word' id='word_1_64' title='bbox 1056 918 1205 957; x_wconf 87' lang='lat' dir='ltr'><strong>anno,</strong></span> <span class='ocrx_word' id='word_1_65' title='bbox 1234 918 1319 964; x_wconf 88' lang='lat' dir='ltr'><strong>per</strong></span> <span class='ocrx_word' id='word_1_66' title='bbox 1341 902 1551 949; x_wconf 86' lang='lat' dir='ltr'><strong>ballivias</strong></span> <span class='ocrx_word' id='word_1_67' title='bbox 1583 915 1626 949; x_wconf 88' lang='lat' dir='ltr'><strong>et</strong></span> 
     </span>
     <span class='ocr_line' id='line_1_10' title="bbox 226 979 1625 1042; baseline 0.002 -17"><span class='ocrx_word' id='word_1_68' title='bbox 226 981 526 1027; x_wconf 84' lang='lat' dir='ltr'><strong>senescalcias</strong></span> <span class='ocrx_word' id='word_1_69' title='bbox 545 1018 555 1038; x_wconf 86' lang='lat'>‚</span> <span class='ocrx_word' id='word_1_70' title='bbox 590 982 636 1026; x_wconf 88' lang='lat' dir='ltr'><strong>in</strong></span> <span class='ocrx_word' id='word_1_71' title='bbox 662 980 802 1027; x_wconf 85' lang='lat' dir='ltr'><strong>armis</strong></span> <span class='ocrx_word' id='word_1_72' title='bbox 835 990 880 1031; x_wconf 87' lang='lat' dir='ltr'><strong>et</strong></span> <span class='ocrx_word' id='word_1_73' title='bbox 910 981 1041 1042; x_wconf 89' lang='lat' dir='ltr'><strong>equis</strong></span> <span class='ocrx_word' id='word_1_74' title='bbox 1069 997 1168 1026; x_wconf 88' lang='lat' dir='ltr'><strong>sese</strong></span> <span class='ocrx_word' id='word_1_75' title='bbox 1192 979 1439 1026; x_wconf 82' lang='lat' dir='ltr'><strong>ostendere</strong></span> <span class='ocrx_word' id='word_1_76' title='bbox 1463 998 1625 1028; x_wconf 87' lang='lat' dir='ltr'><strong>coram</strong></span> 
     </span>
     <span class='ocr_line' id='line_1_11' title="bbox 225 1057 1625 1119; baseline 0.004 -19"><span class='ocrx_word' id='word_1_77' title='bbox 225 1057 362 1101; x_wconf 89' lang='lat' dir='ltr'><strong>certis</strong></span> <span class='ocrx_word' id='word_1_78' title='bbox 388 1058 719 1102; x_wconf 74' lang='lat' dir='ltr'><strong>commissaliis</strong></span> <span class='ocrx_word' id='word_1_79' title='bbox 754 1066 1051 1117; x_wconf 76' lang='lat' dir='ltr'><strong>cogerentur,</strong></span> <span class='ocrx_word' id='word_1_80' title='bbox 1096 1072 1192 1100; x_wconf 89' lang='lat' dir='ltr'><strong>non</strong></span> <span class='ocrx_word' id='word_1_81' title='bbox 1230 1066 1384 1119; x_wconf 87' lang='lat' dir='ltr'><strong>potest</strong></span> <span class='ocrx_word' id='word_1_82' title='bbox 1416 1068 1541 1104; x_wconf 85' lang='lat' dir='ltr'><strong>recte</strong></span> <span class='ocrx_word' id='word_1_83' title='bbox 1579 1069 1625 1105; x_wconf 89' lang='lat' dir='ltr'><strong>et</strong></span> 
     </span>
     <span class='ocr_line' id='line_1_12' title="bbox 221 1130 1624 1194; baseline 0.002 -18"><span class='ocrx_word' id='word_1_84' title='bbox 221 1132 420 1193; x_wconf 84' lang='lat' dir='ltr'><strong>juridice</strong></span> <span class='ocrx_word' id='word_1_85' title='bbox 455 1132 642 1177; x_wconf 87' lang='lat' dir='ltr'><strong>defendi</strong></span> <span class='ocrx_word' id='word_1_86' title='bbox 684 1133 798 1194; x_wconf 86' lang='lat' dir='ltr'><strong>quin</strong></span> <span class='ocrx_word' id='word_1_87' title='bbox 838 1141 965 1178; x_wconf 90' lang='lat' dir='ltr'><strong>tanta</strong></span> <span class='ocrx_word' id='word_1_88' title='bbox 1008 1130 1170 1176; x_wconf 86' lang='lat' dir='ltr'><strong>militia</strong></span> <span class='ocrx_word' id='word_1_89' title='bbox 1209 1131 1340 1177; x_wconf 83' lang='lat' dir='ltr'><strong>facile</strong></span> <span class='ocrx_word' id='word_1_90' title='bbox 1372 1133 1431 1179; x_wconf 88' lang='lat' dir='ltr'><strong>ad</strong></span> <span class='ocrx_word' id='word_1_91' title='bbox 1468 1135 1624 1180; x_wconf 83' lang='lat' dir='ltr'><strong>omnia</strong></span> 
     </span>
     <span class='ocr_line' id='line_1_13' title="bbox 226 1208 1625 1272; baseline 0.004 -19"><span class='ocrx_word' id='word_1_92' title='bbox 226 1209 435 1254; x_wconf 90' lang='lat' dir='ltr'><strong>cavenda</strong></span> <span class='ocrx_word' id='word_1_93' title='bbox 460 1210 697 1272; x_wconf 78' lang='lat' dir='ltr'><strong>pericula,</strong></span> <span class='ocrx_word' id='word_1_94' title='bbox 725 1210 820 1254; x_wconf 87' lang='lat' dir='ltr'><strong>sive</strong></span> <span class='ocrx_word' id='word_1_95' title='bbox 850 1208 908 1253; x_wconf 91' lang='lat' dir='ltr'><strong>de</strong></span> <span class='ocrx_word' id='word_1_96' title='bbox 933 1208 1043 1253; x_wconf 88' lang='lat' dir='ltr'><strong>foris</strong></span> <span class='ocrx_word' id='word_1_97' title='bbox 1068 1218 1112 1254; x_wconf 85' lang='lat' dir='ltr'><strong>et</strong></span> <span class='ocrx_word' id='word_1_98' title='bbox 1135 1208 1194 1253; x_wconf 87' lang='lat' dir='ltr'><strong>ab</strong></span> <span class='ocrx_word' id='word_1_99' title='bbox 1225 1210 1418 1271; x_wconf 66' lang='lat' dir='ltr'><strong>exteris,</strong></span> <span class='ocrx_word' id='word_1_100' title='bbox 1447 1212 1542 1257; x_wconf 85' lang='lat' dir='ltr'><strong>sive</strong></span> <span class='ocrx_word' id='word_1_101' title='bbox 1567 1212 1625 1258; x_wconf 88' lang='lat' dir='ltr'><strong>ab</strong></span> 
     </span>
     <span class='ocr_line' id='line_1_14' title="bbox 226 1284 1578 1348; baseline 0.003 -20"><span class='ocrx_word' id='word_1_102' title='bbox 226 1285 450 1329; x_wconf 85' lang='lat' dir='ltr'><strong>intraneis</strong></span> <span class='ocrx_word' id='word_1_103' title='bbox 474 1296 729 1348; x_wconf 78' lang='lat' dir='ltr'><strong>emergant,</strong></span> <span class='ocrx_word' id='word_1_104' title='bbox 750 1285 917 1331; x_wconf 85' lang='lat' dir='ltr'><strong>merito</strong></span> <span class='ocrx_word' id='word_1_105' title='bbox 937 1284 1148 1330; x_wconf 83' lang='lat' dir='ltr'><strong>sufficere</strong></span> <span class='ocrx_word' id='word_1_106' title='bbox 1162 1286 1309 1348; x_wconf 84' lang='lat' dir='ltr'><strong>possit</strong></span> <span class='ocrx_word' id='word_1_107' title='bbox 1327 1296 1371 1332; x_wconf 92' lang='lat' dir='ltr'><strong>et</strong></span> <span class='ocrx_word' id='word_1_108' title='bbox 1394 1287 1578 1334; x_wconf 88' lang='lat' dir='ltr'><strong>debeat.</strong></span> 
     </span>
     <span class='ocr_line' id='line_1_15' title="bbox 292 1359 1626 1422; baseline 0.004 -18"><span class='ocrx_word' id='word_1_109' title='bbox 292 1359 586 1422; x_wconf 76' lang='lat' dir='ltr'><strong>Aliquando,</strong></span> <span class='ocrx_word' id='word_1_110' title='bbox 628 1363 791 1420; x_wconf 84' lang='lat' dir='ltr'><strong>fateor,</strong></span> <span class='ocrx_word' id='word_1_111' title='bbox 828 1360 1057 1407; x_wconf 88' lang='lat' dir='ltr'><strong>nonnulla</strong></span> <span class='ocrx_word' id='word_1_112' title='bbox 1092 1363 1342 1408; x_wconf 83' lang='lat' dir='ltr'><strong>necessitas</strong></span> <span class='ocrx_word' id='word_1_113' title='bbox 1374 1362 1484 1422; x_wconf 74' lang='lat' dir='ltr'><strong>suit,</strong></span> <span class='ocrx_word' id='word_1_114' title='bbox 1517 1382 1626 1410; x_wconf 88' lang='lat' dir='ltr'><strong>cum</strong></span> 
     </span>
     <span class='ocr_line' id='line_1_16' title="bbox 227 1437 1625 1503; baseline 0.004 -22"><span class='ocrx_word' id='word_1_115' title='bbox 227 1453 395 1499; x_wconf 82' lang='lat' dir='ltr'><strong>magna</strong></span> <span class='ocrx_word' id='word_1_116' title='bbox 423 1439 680 1485; x_wconf 80' lang='lat' dir='ltr'><strong>nobilitatis</strong></span> <span class='ocrx_word' id='word_1_117' title='bbox 705 1456 758 1485; x_wconf 87' lang='lat' dir='ltr'><strong>ac</strong></span> <span class='ocrx_word' id='word_1_118' title='bbox 784 1437 1005 1484; x_wconf 83' lang='lat' dir='ltr'><strong>naturalis</strong></span> <span class='ocrx_word' id='word_1_119' title='bbox 1029 1438 1159 1498; x_wconf 83' lang='lat' dir='ltr'><strong>regni</strong></span> <span class='ocrx_word' id='word_1_120' title='bbox 1186 1439 1359 1485; x_wconf 82' lang='lat' dir='ltr'><strong>militiae</strong></span> <span class='ocrx_word' id='word_1_121' title='bbox 1395 1441 1552 1503; x_wconf 86' lang='lat' dir='ltr'><strong>portio</strong></span> <span class='ocrx_word' id='word_1_122' title='bbox 1578 1443 1625 1487; x_wconf 84' lang='lat' dir='ltr'><strong>in</strong></span> 
     </span>
     <span class='ocr_line' id='line_1_17' title="bbox 225 1513 1629 1578; baseline 0.004 -20"><span class='ocrx_word' id='word_1_123' title='bbox 225 1513 359 1559; x_wconf 86' lang='lat' dir='ltr'><strong>bellis</strong></span> <span class='ocrx_word' id='word_1_124' title='bbox 372 1515 628 1575; x_wconf 84' lang='lat' dir='ltr'><strong>cecidisset,</strong></span> <span class='ocrx_word' id='word_1_125' title='bbox 653 1525 695 1561; x_wconf 90' lang='lat' dir='ltr'><strong>et</strong></span> <span class='ocrx_word' id='word_1_126' title='bbox 718 1515 876 1561; x_wconf 88' lang='lat' dir='ltr'><strong>hostes</strong></span> <span class='ocrx_word' id='word_1_127' title='bbox 905 1530 1124 1575; x_wconf 82' lang='lat' dir='ltr'><strong>magnam</strong></span> <span class='ocrx_word' id='word_1_128' title='bbox 1140 1523 1321 1577; x_wconf 84' lang='lat' dir='ltr'><strong>partem</strong></span> <span class='ocrx_word' id='word_1_129' title='bbox 1342 1530 1629 1578; x_wconf 80' lang='lat' dir='ltr'><strong>occuparent</strong></span> 
     </span>
     <span class='ocr_line' id='line_1_18' title="bbox 226 1590 1625 1653; baseline 0.002 -17"><span class='ocrx_word' id='word_1_130' title='bbox 226 1592 372 1653; x_wconf 78' lang='lat' dir='ltr'><strong>regni,</strong></span> <span class='ocrx_word' id='word_1_131' title='bbox 396 1601 446 1636; x_wconf 91' lang='lat' dir='ltr'><strong>ut</strong></span> <span class='ocrx_word' id='word_1_132' title='bbox 469 1592 599 1637; x_wconf 87' lang='lat' dir='ltr'><strong>miles</strong></span> <span class='ocrx_word' id='word_1_133' title='bbox 616 1592 936 1638; x_wconf 85' lang='lat' dir='ltr'><strong>conductitius</strong></span> <span class='ocrx_word' id='word_1_134' title='bbox 960 1590 1019 1635; x_wconf 84' lang='lat' dir='ltr'><strong>ad</strong></span> <span class='ocrx_word' id='word_1_135' title='bbox 1044 1590 1195 1653; x_wconf 87' lang='lat' dir='ltr'><strong>lapsas</strong></span> <span class='ocrx_word' id='word_1_136' title='bbox 1219 1608 1291 1637; x_wconf 91' lang='lat' dir='ltr'><strong>res</strong></span> <span class='ocrx_word' id='word_1_137' title='bbox 1316 1593 1625 1639; x_wconf 86' lang='lat' dir='ltr'><strong>restituendas</strong></span> 
     </span>
     <span class='ocr_line' id='line_1_19' title="bbox 227 1666 1624 1725; baseline 0.001 -13"><span class='ocrx_word' id='word_1_138' title='bbox 227 1677 270 1712; x_wconf 89' lang='lat' dir='ltr'><strong>et</strong></span> <span class='ocrx_word' id='word_1_139' title='bbox 293 1668 620 1713; x_wconf 83' lang='lat' dir='ltr'><strong>instaurandas</strong></span> <span class='ocrx_word' id='word_1_140' title='bbox 642 1668 914 1725; x_wconf 86' lang='lat' dir='ltr'><strong>haberetur⁷</strong></span> <span class='ocrx_word' id='word_1_141' title='bbox 944 1683 1052 1712; x_wconf 89' lang='lat' dir='ltr'><strong>cum</strong></span> <span class='ocrx_word' id='word_1_142' title='bbox 1076 1676 1122 1711; x_wconf 90' lang='lat' dir='ltr'><strong>et</strong></span> <span class='ocrx_word' id='word_1_143' title='bbox 1141 1666 1360 1712; x_wconf 87' lang='lat' dir='ltr'><strong>nobilitas</strong></span> <span class='ocrx_word' id='word_1_144' title='bbox 1383 1667 1624 1715; x_wconf 79' lang='lat' dir='ltr'><strong>debilitata</strong></span> 
     </span>
     <span class='ocr_line' id='line_1_20' title="bbox 226 1744 1627 1808; baseline 0.001 -19"><span class='ocrx_word' id='word_1_145' title='bbox 226 1754 271 1790; x_wconf 91' lang='lat' dir='ltr'><strong>et</strong></span> <span class='ocrx_word' id='word_1_146' title='bbox 288 1744 608 1807; x_wconf 79' lang='lat' dir='ltr'><strong>depauperata</strong></span> <span class='ocrx_word' id='word_1_147' title='bbox 634 1745 892 1808; x_wconf 85' lang='lat' dir='ltr'><strong>plurimum</strong></span> <span class='ocrx_word' id='word_1_148' title='bbox 910 1754 1043 1804; x_wconf 75' lang='lat' dir='ltr'><strong>esset,</strong></span> <span class='ocrx_word' id='word_1_149' title='bbox 1069 1760 1156 1789; x_wconf 88' lang='lat' dir='ltr'><strong>nec</strong></span> <span class='ocrx_word' id='word_1_150' title='bbox 1179 1761 1366 1806; x_wconf 80' lang='lat' dir='ltr'><strong>aequum</strong></span> <span class='ocrx_word' id='word_1_151' title='bbox 1390 1744 1627 1791; x_wconf 81' lang='lat' dir='ltr'><strong>videretur</strong></span> 
     </span>
     <span class='ocr_line' id='line_1_21' title="bbox 228 1821 1626 1883; baseline 0.002 -18"><span class='ocrx_word' id='word_1_152' title='bbox 228 1821 373 1883; x_wconf 85' lang='lat' dir='ltr'><strong>ipsam</strong></span> <span class='ocrx_word' id='word_1_153' title='bbox 397 1821 456 1866; x_wconf 85' lang='lat' dir='ltr'><strong>ad</strong></span> <span class='ocrx_word' id='word_1_154' title='bbox 479 1822 754 1867; x_wconf 88' lang='lat' dir='ltr'><strong>continuam</strong></span> <span class='ocrx_word' id='word_1_155' title='bbox 772 1831 1052 1867; x_wconf 83' lang='lat' dir='ltr'><strong>castrensem</strong></span> <span class='ocrx_word' id='word_1_156' title='bbox 1070 1821 1421 1883; x_wconf 82' lang='lat' dir='ltr'><strong>expeditionem</strong></span> <span class='ocrx_word' id='word_1_157' title='bbox 1444 1821 1626 1868; x_wconf 84' lang='lat' dir='ltr'><strong>assidue</strong></span> 
     </span>
     <span class='ocr_line' id='line_1_22' title="bbox 228 1899 1627 1962; baseline 0.002 -19"><span class='ocrx_word' id='word_1_158' title='bbox 228 1900 385 1943; x_wconf 90' lang='lat' dir='ltr'><strong>vocari</strong></span> <span class='ocrx_word' id='word_1_159' title='bbox 405 1909 544 1962; x_wconf 90' lang='lat' dir='ltr'><strong>atque</strong></span> <span class='ocrx_word' id='word_1_160' title='bbox 570 1900 775 1946; x_wconf 84' lang='lat' dir='ltr'><strong>retineri.</strong></span> <span class='ocrx_word' id='word_1_161' title='bbox 804 1900 894 1944; x_wconf 85' lang='lat' dir='ltr'><strong>Sed</strong></span> <span class='ocrx_word' id='word_1_162' title='bbox 917 1916 1026 1944; x_wconf 87' lang='lat' dir='ltr'><strong>cum</strong></span> <span class='ocrx_word' id='word_1_163' title='bbox 1045 1899 1141 1961; x_wconf 86' lang='lat' dir='ltr'><strong>jam</strong></span> <span class='ocrx_word' id='word_1_164' title='bbox 1165 1899 1266 1957; x_wconf 83' lang='lat' dir='ltr'><strong>diu,</strong></span> <span class='ocrx_word' id='word_1_165' title='bbox 1293 1899 1501 1946; x_wconf 84' lang='lat' dir='ltr'><strong>donante</strong></span> <span class='ocrx_word' id='word_1_166' title='bbox 1522 1916 1627 1961; x_wconf 80' lang='lat' dir='ltr'><strong>gra-</strong></span> 
     </span>
     <span class='ocr_line' id='line_1_23' title="bbox 228 1975 1626 2039; baseline 0.003 -20"><span class='ocrx_word' id='word_1_167' title='bbox 228 1975 289 2020; x_wconf 88' lang='lat' dir='ltr'><strong>tia</strong></span> <span class='ocrx_word' id='word_1_168' title='bbox 325 1976 435 2032; x_wconf 79' lang='lat' dir='ltr'><strong>Dei,</strong></span> <span class='ocrx_word' id='word_1_169' title='bbox 468 1977 602 2038; x_wconf 83' lang='lat' dir='ltr'><strong>ejecti</strong></span> <span class='ocrx_word' id='word_1_170' title='bbox 637 1977 728 2022; x_wconf 89' lang='lat' dir='ltr'><strong>sint</strong></span> <span class='ocrx_word' id='word_1_171' title='bbox 760 1977 938 2035; x_wconf 76' lang='lat' dir='ltr'><strong>hostes,</strong></span> <span class='ocrx_word' id='word_1_172' title='bbox 981 1987 1026 2022; x_wconf 86' lang='lat' dir='ltr'><strong>et</strong></span> <span class='ocrx_word' id='word_1_173' title='bbox 1060 1985 1211 2022; x_wconf 87' lang='lat' dir='ltr'><strong>totum</strong></span> <span class='ocrx_word' id='word_1_174' title='bbox 1243 1977 1374 2039; x_wconf 90' lang='lat' dir='ltr'><strong>quod</strong></span> <span class='ocrx_word' id='word_1_175' title='bbox 1404 1977 1451 2021; x_wconf 90' lang='lat' dir='ltr'><strong>in</strong></span> <span class='ocrx_word' id='word_1_176' title='bbox 1481 1994 1626 2039; x_wconf 84' lang='lat' dir='ltr'><strong>regno</strong></span> 
     </span>
     <span class='ocr_line' id='line_1_24' title="bbox 228 2054 1627 2117; baseline 0.003 -21"><span class='ocrx_word' id='word_1_177' title='bbox 228 2062 474 2098; x_wconf 73' lang='lat' dir='ltr'><strong>tenuerant</strong></span> <span class='ocrx_word' id='word_1_178' title='bbox 516 2054 575 2100; x_wconf 88' lang='lat' dir='ltr'><strong>ab</strong></span> <span class='ocrx_word' id='word_1_179' title='bbox 618 2055 729 2117; x_wconf 89' lang='lat' dir='ltr'><strong>ipsis</strong></span> <span class='ocrx_word' id='word_1_180' title='bbox 771 2063 1098 2116; x_wconf 86' lang='lat' dir='ltr'><strong>recuperatum</strong></span> <span class='ocrx_word' id='word_1_181' title='bbox 1135 2064 1181 2099; x_wconf 86' lang='lat' dir='ltr'><strong>et</strong></span> <span class='ocrx_word' id='word_1_182' title='bbox 1223 2063 1492 2117; x_wconf 78' lang='lat' dir='ltr'><strong>receptum,</strong></span> <span class='ocrx_word' id='word_1_183' title='bbox 1531 2071 1627 2100; x_wconf 90' lang='lat' dir='ltr'><strong>uno</strong></span> 
     </span>
     <span class='ocr_line' id='line_1_25' title="bbox 228 2129 1628 2194; baseline 0.001 -20"><span class='ocrx_word' id='word_1_184' title='bbox 228 2129 329 2174; x_wconf 87' lang='lat' dir='ltr'><strong>solo</strong></span> <span class='ocrx_word' id='word_1_185' title='bbox 354 2130 549 2193; x_wconf 85' lang='lat' dir='ltr'><strong>dempto</strong></span> <span class='ocrx_word' id='word_1_186' title='bbox 574 2131 753 2194; x_wconf 86' lang='lat' dir='ltr'><strong>oppido</strong></span> <span class='ocrx_word' id='word_1_187' title='bbox 777 2131 941 2177; x_wconf 88' lang='lat' dir='ltr'><strong>Calesii</strong></span> <span class='ocrx_word' id='word_1_188' title='bbox 964 2130 1112 2193; x_wconf 84' lang='lat' dir='ltr'><strong>(quod</strong></span> <span class='ocrx_word' id='word_1_189' title='bbox 1132 2166 1142 2188; x_wconf 82' lang='grc'>,</span> <span class='ocrx_word' id='word_1_190' title='bbox 1170 2132 1526 2194; x_wconf 86' lang='lat' dir='ltr'><strong>comparatione</strong></span> <span class='ocrx_word' id='word_1_191' title='bbox 1549 2133 1628 2176; x_wconf 87' lang='lat' dir='ltr'><strong>vi—</strong></span> 
     </span>
     <span class='ocr_line' id='line_1_26' title="bbox 229 2207 1627 2271; baseline 0.003 -21"><span class='ocrx_word' id='word_1_192' title='bbox 229 2207 349 2251; x_wconf 83' lang='lat' dir='ltr'><strong>rium</strong></span> <span class='ocrx_word' id='word_1_193' title='bbox 375 2208 506 2268; x_wconf 82' lang='lat' dir='ltr'><strong>regni</strong></span> <span class='ocrx_word' id='word_1_194' title='bbox 525 2245 536 2266; x_wconf 74' lang='lat'><em>⁷</em></span> <span class='ocrx_word' id='word_1_195' title='bbox 569 2224 655 2270; x_wconf 88' lang='lat' dir='ltr'><strong>pro</strong></span> <span class='ocrx_word' id='word_1_196' title='bbox 683 2207 828 2252; x_wconf 89' lang='lat' dir='ltr'><strong>nihilo</strong></span> <span class='ocrx_word' id='word_1_197' title='bbox 856 2225 1005 2271; x_wconf 88' lang='lat' dir='ltr'><strong>prope</strong></span> <span class='ocrx_word' id='word_1_198' title='bbox 1028 2207 1299 2254; x_wconf 85' lang='lat' dir='ltr'><strong>ducendum</strong></span> <span class='ocrx_word' id='word_1_199' title='bbox 1325 2208 1420 2267; x_wconf 79' lang='lat' dir='ltr'><strong>est)</strong></span> <span class='ocrx_word' id='word_1_200' title='bbox 1445 2245 1455 2265; x_wconf 85' lang='lat'>,</span> <span class='ocrx_word' id='word_1_201' title='bbox 1488 2225 1627 2254; x_wconf 85' lang='lat' dir='ltr'><strong>causa</strong></span> 
     </span>
     <span class='ocr_line' id='line_1_27' title="bbox 228 2283 1627 2346; baseline 0.002 -18"><span class='ocrx_word' id='word_1_202' title='bbox 228 2293 436 2329; x_wconf 89' lang='lat' dir='ltr'><strong>cessante</strong></span> <span class='ocrx_word' id='word_1_203' title='bbox 464 2283 527 2328; x_wconf 89' lang='lat' dir='ltr'><strong>ob</strong></span> <span class='ocrx_word' id='word_1_204' title='bbox 559 2300 703 2346; x_wconf 81' lang='lat' dir='ltr'><strong>quam</strong></span> <span class='ocrx_word' id='word_1_205' title='bbox 733 2283 808 2330; x_wconf 88' lang='lat' dir='ltr'><strong>ille</strong></span> <span class='ocrx_word' id='word_1_206' title='bbox 831 2294 945 2331; x_wconf 81' lang='lat' dir='ltr'><strong>tunc</strong></span> <span class='ocrx_word' id='word_1_207' title='bbox 969 2285 1285 2331; x_wconf 83' lang='lat' dir='ltr'><strong>conductitius</strong></span> <span class='ocrx_word' id='word_1_208' title='bbox 1309 2285 1441 2330; x_wconf 91' lang='lat' dir='ltr'><strong>miles</strong></span> <span class='ocrx_word' id='word_1_209' title='bbox 1466 2301 1627 2331; x_wconf 89' lang='lat' dir='ltr'><strong>neces-</strong></span> 
     </span>
     <span class='ocr_line' id='line_1_28' title="bbox 228 2360 1628 2426; baseline 0.001 -22"><span class='ocrx_word' id='word_1_210' title='bbox 228 2361 374 2405; x_wconf 88' lang='lat' dir='ltr'><strong>sarius</strong></span> <span class='ocrx_word' id='word_1_211' title='bbox 397 2360 482 2405; x_wconf 91' lang='lat' dir='ltr'><strong>fuit</strong></span> <span class='ocrx_word' id='word_1_212' title='bbox 504 2370 584 2406; x_wconf 89' lang='lat' dir='ltr'><strong>aut</strong></span> <span class='ocrx_word' id='word_1_213' title='bbox 610 2361 733 2406; x_wconf 88' lang='lat' dir='ltr'><strong>utilis</strong></span> <span class='ocrx_word' id='word_1_214' title='bbox 751 2397 762 2419; x_wconf 82' lang='lat'><strong><em>‚</em></strong></span> <span class='ocrx_word' id='word_1_215' title='bbox 794 2361 908 2424; x_wconf 88' lang='lat' dir='ltr'><strong>quid</strong></span> <span class='ocrx_word' id='word_1_216' title='bbox 937 2378 1066 2407; x_wconf 87' lang='lat' dir='ltr'><strong>nunc</strong></span> <span class='ocrx_word' id='word_1_217' title='bbox 1104 2379 1224 2426; x_wconf 90' lang='lat' dir='ltr'><strong>opus</strong></span> <span class='ocrx_word' id='word_1_218' title='bbox 1260 2371 1329 2407; x_wconf 89' lang='lat' dir='ltr'><strong>est</strong></span> <span class='ocrx_word' id='word_1_219' title='bbox 1360 2371 1542 2407; x_wconf 89' lang='lat' dir='ltr'><strong>tantum</strong></span> <span class='ocrx_word' id='word_1_220' title='bbox 1574 2378 1628 2408; x_wconf 83' lang='lat' dir='ltr'><strong>ac</strong></span> 
     </span>
     <span class='ocr_line' id='line_1_29' title="bbox 230 2438 1626 2500; baseline 0.002 -18"><span class='ocrx_word' id='word_1_221' title='bbox 230 2447 323 2482; x_wconf 86' lang='lat' dir='ltr'><strong>tam</strong></span> <span class='ocrx_word' id='word_1_222' title='bbox 348 2454 654 2483; x_wconf 88' lang='lat' dir='ltr'><strong>numerosum</strong></span> <span class='ocrx_word' id='word_1_223' title='bbox 677 2438 1002 2500; x_wconf 89' lang='lat' dir='ltr'><strong>hujuscemodi</strong></span> <span class='ocrx_word' id='word_1_224' title='bbox 1025 2438 1324 2485; x_wconf 82' lang='lat' dir='ltr'><strong>conductitiae</strong></span> <span class='ocrx_word' id='word_1_225' title='bbox 1345 2438 1516 2485; x_wconf 65' lang='lat' dir='ltr'><strong>militiae</strong></span> <span class='ocrx_word' id='word_1_226' title='bbox 1539 2456 1626 2485; x_wconf 89' lang='lat' dir='ltr'><strong>nu-</strong></span> 
     </span>
     <span class='ocr_line' id='line_1_30' title="bbox 228 2515 1626 2577; baseline 0.001 -18"><span class='ocrx_word' id='word_1_227' title='bbox 228 2530 410 2559; x_wconf 86' lang='lat' dir='ltr'><strong>merum</strong></span> <span class='ocrx_word' id='word_1_228' title='bbox 435 2515 641 2573; x_wconf 79' lang='lat' dir='ltr'><strong>retineri,</strong></span> <span class='ocrx_word' id='word_1_229' title='bbox 665 2525 868 2576; x_wconf 88' lang='lat' dir='ltr'><strong>quantus</strong></span> <span class='ocrx_word' id='word_1_230' title='bbox 888 2525 985 2561; x_wconf 87' lang='lat' dir='ltr'><strong>erat</strong></span> <span class='ocrx_word' id='word_1_231' title='bbox 1005 2524 1198 2577; x_wconf 83' lang='lat' dir='ltr'><strong>urgente</strong></span> <span class='ocrx_word' id='word_1_232' title='bbox 1219 2515 1490 2560; x_wconf 85' lang='lat' dir='ltr'><strong>necessitate</strong></span> <span class='ocrx_word' id='word_1_233' title='bbox 1511 2532 1626 2560; x_wconf 89' lang='lat' dir='ltr'><strong>con-</strong></span> 
     </span>
     <span class='ocr_line' id='line_1_31' title="bbox 229 2590 1627 2653; baseline 0.001 -18"><span class='ocrx_word' id='word_1_234' title='bbox 229 2590 436 2649; x_wconf 81' lang='lat' dir='ltr'><strong>stitutus,</strong></span> <span class='ocrx_word' id='word_1_235' title='bbox 455 2590 570 2636; x_wconf 91' lang='lat' dir='ltr'><strong>dum</strong></span> <span class='ocrx_word' id='word_1_236' title='bbox 592 2591 765 2636; x_wconf 87' lang='lat' dir='ltr'><strong>scilicet</strong></span> <span class='ocrx_word' id='word_1_237' title='bbox 779 2590 936 2637; x_wconf 89' lang='lat' dir='ltr'><strong>hostes</strong></span> <span class='ocrx_word' id='word_1_238' title='bbox 951 2591 1105 2637; x_wconf 86' lang='lat' dir='ltr'><strong>adhuc</strong></span> <span class='ocrx_word' id='word_1_239' title='bbox 1119 2604 1312 2653; x_wconf 80' lang='lat' dir='ltr'><strong>magnas</strong></span> <span class='ocrx_word' id='word_1_240' title='bbox 1328 2590 1627 2638; x_wconf 78' lang='lat' dir='ltr'><strong>etlatissimas</strong></span> 
     </span>
     <span class='ocr_line' id='line_1_32' title="bbox 228 2668 1625 2731; baseline 0.001 -19"><span class='ocrx_word' id='word_1_241' title='bbox 228 2668 277 2712; x_wconf 90' lang='lat' dir='ltr'><strong>in</strong></span> <span class='ocrx_word' id='word_1_242' title='bbox 307 2683 453 2729; x_wconf 86' lang='lat' dir='ltr'><strong>regno</strong></span> <span class='ocrx_word' id='word_1_243' title='bbox 492 2668 758 2731; x_wconf 82' lang='lat' dir='ltr'><strong>provincias</strong></span> <span class='ocrx_word' id='word_1_244' title='bbox 787 2669 1073 2714; x_wconf 81' lang='lat' dir='ltr'><strong>retinerent?</strong></span> <span class='ocrx_word' id='word_1_245' title='bbox 1103 2668 1353 2730; x_wconf 89' lang='lat' dir='ltr'><strong>Objectum</strong></span> <span class='ocrx_word' id='word_1_246' title='bbox 1375 2668 1503 2713; x_wconf 91' lang='lat' dir='ltr'><strong>enim</strong></span> <span class='ocrx_word' id='word_1_247' title='bbox 1532 2668 1625 2713; x_wconf 91' lang='lat' dir='ltr'><strong>du-</strong></span> 
     </span>
     <span class='ocr_line' id='line_1_33' title="bbox 227 2742 1625 2807; baseline 0.001 -19"><span class='ocrx_word' id='word_1_248' title='bbox 227 2742 416 2789; x_wconf 89' lang='lat' dir='ltr'><strong>biorum</strong></span> <span class='ocrx_word' id='word_1_249' title='bbox 454 2744 836 2806; x_wconf 85' lang='lat' dir='ltr'><strong>incertorumque</strong></span> <span class='ocrx_word' id='word_1_250' title='bbox 869 2744 1189 2807; x_wconf 88' lang='lat' dir='ltr'><strong>periculorum</strong></span> <span class='ocrx_word' id='word_1_251' title='bbox 1211 2781 1222 2803; x_wconf 81' lang='lat'><strong><em>‚</em></strong></span> <span class='ocrx_word' id='word_1_252' title='bbox 1253 2761 1459 2807; x_wconf 85' lang='lat' dir='ltr'><strong>quorum</strong></span> <span class='ocrx_word' id='word_1_253' title='bbox 1492 2761 1625 2790; x_wconf 84' lang='lat' dir='ltr'><strong>casus</strong></span> 
     </span>
    </p>
   </div>
  </div>
 </body>
</html>
