2037 3442
719 268 862 303 LIBER
891 269 1106 305 TERTIUS.
1536 271 1608 305 127

277 350 417 394 Duxit
446 359 602 395 autem
640 350 763 396 hanc
804 350 1152 413 expeditionem
1186 351 1285 413 ipse
1314 350 1609 413 Burgundio-

215 441 328 469 num
359 425 453 470 dux
494 425 739 470 adversum
785 425 979 485 Anglos‚
1023 442 1149 471 anno
1182 425 1431 471 dominicae
1459 427 1608 472 iucar-

214 503 413 548 nationis
441 519 770 560 mccccxxxvi„
798 513 952 548 aestate
983 503 1193 566 proxima
1226 514 1449 566 sequente
1481 518 1609 568 post-

212 596 355 641 quam
397 581 680 625 Parisiorum
720 581 880 626 civitas
931 579 1017 626 sul)
1053 583 1340 625 Francorum
1379 581 1607 628 ditionem

211 655 404 700 reducta
428 656 603 715 fuerat,
631 674 739 702 cum
768 657 1006 720 superiore
1028 665 1183 701 aestate
1209 656 1335 701 idem
1368 657 1460 701 dux
1484 659 1611 720 pacis

212 731 385 777 foedera
415 749 522 777 cum
552 734 720 778 Carolo
748 750 876 794 rege,
905 742 954 777 ut
978 731 1208 789 diximus7
1239 732 1441 789 fecisset,
1465 733 1610 779 desci-

211 809 444 871 vissetque
467 809 526 854 ab
556 810 730 871 Anglis.
760 809 1023 854 Procedens
1044 809 1181 870 igitur
1206 825 1313 854 cum
1340 808 1468 853 dicto
1495 826 1609 854 suo-

210 901 314 929 rum
332 885 685 931 Flandrensium
712 887 916 931 exercitu
930 922 940 942 ,
957 884 1138 930 habens
1160 893 1325 947 praeter
1345 884 1610 946 Flamingos

215 960 517 1007 Picardorum
548 963 747 1008 militum
778 972 822 1007 et,
852 978 1047 1007 suorum
1069 961 1437 1006 domesticorum
1471 961 1608 1007 dum-

213 1045 334 1082 taxat
351 1037 472 1082 circa
490 1037 586 1082 duo
611 1048 691 1083 aut
717 1039 802 1084 tria
826 1037 963 1083 millia
983 1074 993 1096 7
1015 1036 1075 1081 ad
1104 1037 1359 1097 Anglorum
1382 1037 1608 1083 terminos

211 1112 430 1158 eumdem
456 1113 665 1159 admovit
696 1115 963 1160 exercitum.
988 1113 1111 1158 Infra
1136 1129 1254 1174 quos
1284 1129 1393 1158 curn
1417 1113 1513 1159 duo
1536 1114 1607 1160 vel

210 1190 297 1234 tria
335 1205 479 1251 parva
513 1191 726 1250 castella,
755 1207 858 1253 quae
892 1190 999 1236 satis
1035 1189 1212 1235 exiliter
1234 1189 1415 1235 munita
1446 1201 1603 1250 erant,

208 1276 571 1326 expugnassent,
593 1266 791 1312 subinde
807 1268 938 1328 juxta
957 1265 1188 1329 oppidum
1210 1266 1398 1323 Calesii‚
1423 1267 1608 1313 circiter

209 1341 268 1386 ad
294 1342 503 1387 medium
528 1344 722 1390 milliare
739 1381 750 1402 ,
777 1344 1002 1404 Flamingi
1021 1353 1169 1388 castra
1194 1343 1354 1387 metati
1387 1353 1511 1389 sunt.
1540 1348 1606 1390 Ex

208 1434 303 1480 quo
323 1418 429 1463 loco
449 1436 555 1464 cum
575 1421 665 1465 illic
683 1437 766 1483 per
784 1421 941 1483 plures
961 1419 1059 1464 dies
1077 1420 1296 1464 remorati
1320 1429 1494 1479 essent,
1520 1437 1607 1465 nec

209 1495 464 1555 Anglorum
503 1497 753 1542 munitioni
791 1505 1134 1542 nocumentum
1176 1495 1346 1540 inferre
1383 1507 1601 1558 possent,

208 1582 389 1635 partem
417 1575 486 1619 sui
510 1576 736 1620 exercitus
774 1575 969 1638 propius
999 1574 1336 1630 admoverunt,
1370 1583 1415 1618 et
1440 1589 1606 1637 aggere

208 1651 383 1696 castelli
406 1651 550 1697 instar
581 1652 701 1697 facto
728 1652 1005 1713 munitoque
1030 1649 1335 1708 sufficienter,
1366 1650 1492 1695 unde
1523 1667 1604 1714 pe-

207 1727 357 1772 trariis
392 1736 436 1773 et
468 1729 710 1773 tormentis
746 1727 910 1791 oppidi
933 1728 1105 1773 moenia
1135 1737 1380 1789 turresque
1405 1726 1605 1788 dejicere

206 1814 420 1866 possent,
447 1805 659 1868 praesidia
682 1805 1006 1850 Gandensium
1038 1820 1146 1849 cum
1181 1802 1339 1847 multis
1362 1801 1473 1848 belli
1498 1819 1605 1849 ma-

205 1880 356 1926 chinis
381 1890 522 1944 atque
549 1882 867 1927 instrumentis
891 1881 983 1926 illic
1006 1881 1292 1926 locaverunt.
1322 1882 1459 1924 Hunc
1478 1880 1604 1925 enim

205 1968 470 2019 praerogaut
491 1957 581 2003 sibi
605 1957 766 2004 deberi
800 1975 893 2021 pree
928 1958 1100 2003 caeteris
1123 1955 1488 2002 Flandrensibus
1511 1973 1605 2018 po—

205 2032 326 2094 pulis
346 2034 488 2079 iidem
513 2035 785 2079 Gandenses
805 2034 1063 2094 honorem,
1085 2044 1135 2079 ut
1153 2034 1201 2079 in
1223 2033 1381 2079 hostes
1401 2031 1603 2078 debeant

204 2110 468 2172 preecedere
496 2111 726 2174 primores
742 2148 753 2170 ⁷
774 2120 996 2173 tanquam
1021 2111 1164 2156 totius
1193 2110 1447 2174 primicerii
1474 2127 1603 2156 exer-

203 2187 336 2232 citus.

268 2267 386 2309 Cum
427 2274 583 2310 autem
622 2265 741 2310 intra
779 2263 1049 2325 hujusmodi
1085 2263 1322 2309 munitum
1355 2280 1600 2325 aggerem,

203 2357 344 2402 quem
379 2342 543 2385 Franci
580 2340 719 2402 vulgo
753 2339 1016 2384 bollewerclz
1045 2356 1127 2385 seu
1158 2339 1417 2385 hastiliam¹
1444 2340 1605 2404 appel-

202 2419 324 2476 lant⁷
359 2417 469 2462 dicti
491 2416 765 2462 Gandenses
797 2433 881 2480 per
906 2415 1176 2478 quindecim
1206 2432 1357 2479 prope
1388 2415 1486 2461 dies
1512 2427 1602 2462 ste-

202 2494 364 2539 tissent
385 2504 430 2539 et
453 2493 719 2557 oppidanos
748 2493 858 2538 inde
888 2492 1166 2538 bombardis
1190 2502 1235 2537 et
1257 2492 1394 2538 variis
1423 2493 1602 2538 machi-

255 2622 290 2656 1.
315 2622 496 2657 L'auteur
515 2617 680 2655 confond
693 2617 794 2655 deux
810 2617 943 2655 choses
958 2616 1260 2657 tres-distincte&
1288 2620 1339 2654 La
1354 2616 1501 2654 bastille
1515 2618 1601 2654 etait

202 2691 251 2715 un
274 2679 441 2728 quartier
461 2677 675 2724 retranche‚
691 2676 813 2714 tandis
827 2690 901 2727 que
927 2677 962 2714 le
978 2675 1191 2714 boulevard
1209 2675 1338 2713 n’etait
1359 2679 1478 2726 qu'un
1496 2685 1602 2727 poste

201 2737 351 2776 fortific.
