2037 3442
666 317 806 352 LIBER
834 317 1058 361 QUINTUS.
1484 320 1557 354 :255

234 397 547 443 Descenderat
569 407 725 444 autem
752 398 873 443 idern
899 399 991 444 dux
1017 400 1315 444 Summerseti
1335 436 1345 456 ,
1372 401 1480 462 qui,
1510 410 1557 446 ut

171 473 483 534 praediximus,
510 475 594 520 fuit
625 475 875 520 exstinctus
891 512 901 532 ,
930 475 987 520 de
1012 492 1177 537 genere
1201 485 1245 520 et
1269 476 1413 521 domo
1437 480 1556 522 Len-

170 551 373 607 castriae3
399 568 516 612 quos
538 552 733 596 Eboraci
757 551 867 608 dux,
889 551 948 596 ad
969 569 1162 612 regnum
1183 553 1408 614 aspirans,
1436 554 1558 599 velut

172 623 327 670 hostes
342 626 500 670 animo
523 626 724 687 gerebat,
742 635 787 671 et
810 625 916 669 ideo
940 635 986 669 ut
1005 627 1270 672 ambitionis
1293 645 1385 673 suae
1409 629 1555 674 fructu

170 700 422 762 aliquando
443 704 581 765 potiri
603 716 771 766 posset,
798 701 877 763 qui
901 701 958 745 de
983 702 1058 747 illa
1084 703 1254 748 familia
1279 715 1427 760 erant,
1457 723 1558 767 per-

170 776 318 821 ditum
342 778 396 823 iri
419 779 671 840 satagebat,
699 788 745 823 ut
766 794 848 840 per
871 777 1193 838 hujuscemodi
1223 779 1346 823 velut
1365 797 1552 841 praeam-

171 852 279 899 bula
306 871 358 899 ac
381 856 734 917 praeparatoria,
763 853 941 899 auxiliis
967 864 1010 898 et
1033 855 1264 899 columnis
1294 856 1387 900 suis
1412 857 1556 902 desti-

171 938 341 989 tutam,
369 932 540 992 regiam
572 940 731 994 postea
756 930 951 975 domum
982 930 1237 976 invaderet.
1270 931 1359 976 Sed
1384 948 1479 976 uon
1511 933 1555 977 in

172 1007 361 1067 longum
386 1007 498 1052 abiit
523 1007 651 1069 quod
672 1007 894 1051 Henricus
921 1022 999 1050 rex
1019 1043 1029 1063 ,
1055 1023 1194 1068 quem
1216 1007 1309 1052 dux
1330 1007 1521 1053 Eboraci
1542 1046 1553 1067 ,

171 1083 293 1127 velut
309 1084 594 1144 gubernator
607 1099 659 1128 ac
677 1081 943 1127 moderator
958 1083 1098 1126 totius
1118 1084 1265 1143 regni,
1291 1084 1557 1130 Londonias

169 1159 441 1215 adduxerat,
458 1170 501 1205 et
521 1177 628 1205 cum
647 1158 843 1222 [quoin]
862 1174 1028 1219 magno
1041 1159 1280 1222 triumpho
1290 1160 1557 1205 Londonias

168 1235 444 1291 intraverat,
474 1236 686 1281 manibus
709 1235 914 1296 ejusdem
941 1235 1071 1280 ducis
1096 1235 1279 1298 elapsus
1297 1272 1309 1293 ,
1338 1237 1383 1280 in
1410 1237 1558 1298 pristi-

170 1326 277 1354 nam
310 1327 407 1355 see
444 1311 692 1357 vindicavit
714 1311 995 1356 libertatem.
1027 1314 1139 1366 Quae
1168 1328 1240 1356 res
1273 1312 1423 1357 eidem
1449 1312 1557 1357 duci

168 1385 389 1443 Eboraci,
418 1388 536 1432 male
573 1388 658 1433 sibi
688 1389 877 1433 conscio
906 1405 990 1450 pro
1027 1388 1350 1433 interfectione
1382 1389 1555 1452 praefati

165 1462 296 1507 ducis
320 1465 639 1520 Summerseti,
667 1473 711 1510 et
735 1465 834 1509 aliis
860 1464 1016 1508 multis
1040 1480 1143 1526 quae
1164 1464 1271 1510 satis
1295 1464 1557 1510 inconsulte

165 1550 340 1601 egerat,
368 1558 464 1585 non
483 1558 646 1603 parum
667 1542 859 1604 periculi
881 1541 1152 1603 timorisque
1175 1542 1369 1601 invexit3
1387 1542 1557 1605 quibus

165 1616 438 1679 superandis
462 1629 600 1680 atque
623 1618 890 1663 evincendis
911 1618 1119 1675 studens,
1148 1618 1313 1663 iterum
1332 1629 1556 1681 quantam

167 1693 316 1754 potuit
356 1693 552 1739 militum
592 1704 729 1755 atque
766 1694 1014 1739 satellitum
1046 1710 1237 1739 manum
1274 1697 1552 1757 aggregavit.

167 1772 201 1812 E
224 1770 406 1815 diverso
431 1771 567 1815 etiam
588 1771 814 1815 Henricus
835 1787 910 1815 rex
928 1808 938 1828 ,
967 1769 1154 1815 Obviam
1177 1771 1217 1816 ei
1243 1771 1553 1833 profecturus,

167 1847 416 1892 exercitum
435 1846 641 1892 validum
660 1847 867 1908 undique
882 1846 1090 1908 collegi13
1113 1864 1221 1892 cum
1240 1865 1334 1909 quo
1353 1850 1553 1894 exercitu

164 1921 315 1984 ipsum
342 1922 508 1967 ducem
532 1932 821 1985 prosecutus,
839 1938 946 1967 cum
964 1938 1128 1967 manus
1145 1924 1263 1984 regis
1281 1940 1416 1985 posse
1440 1925 1557 1970 effu-

166 2014 272 2059 gere
289 1997 575 2060 desperaret,
595 2000 860 2044 interventu
886 2009 1024 2061 atque
1047 2000 1309 2062 patrocinio
1332 2018 1557 2062 quorum-

165 2074 273 2119 dam
303 2090 549 2136 procerum
576 2085 714 2135 atque
749 2075 1075 2137 praelatorum,
1114 2076 1172 2122 ad
1207 2077 1399 2138 gratiam
1435 2078 1555 2139 ejus-

166 2149 275 2194 dem
300 2150 418 2211 regis
441 2150 591 2195 redire
616 2151 840 2211 quaesivit.
873 2153 966 2196 Rex
989 2161 1146 2197 autem
1175 2152 1418 2209 Henricus,
1447 2169 1554 2197 cum

165 2237 328 2272 natura
356 2226 586 2288 benignus
609 2235 747 2288 atque
770 2226 1154 2273 clementissimus
1177 2238 1322 2285 esset,
1355 2229 1556 2291 postula-

164 2315 258 2350 tam
283 2321 309 2350 a
328 2320 375 2349 se
400 2303 768 2349 misericordiam
795 2321 891 2348 non
916 2305 1128 2366 negavit,
1153 2305 1234 2350 sed
1265 2305 1415 2350 eidem
1446 2305 1554 2351 duci

163 2381 495 2443 benignissime
531 2380 745 2438 indulsit,
783 2379 1109 2444 fidelitatisque
1145 2382 1191 2426 in
1220 2391 1356 2426 antea
1388 2382 1554 2427 melius

164 2457 466 2504 observandae
485 2457 543 2502 ab
566 2473 622 2502 eo
647 2457 812 2502 iterum
833 2468 1173 2503 sacramentum
1194 2459 1388 2522 accepit.
1414 2460 1554 2505 Duxit

164 2544 319 2580 autem
346 2551 420 2580 rex
453 2535 606 2597 ipsum
635 2533 933 2592 Londonias,
965 2534 1369 2595 quemadmodum
1395 2545 1439 2580 et
1471 2552 1554 2597 per

162 2621 269 2657 ante
294 2628 447 2673 regem
466 2647 476 2667 ,
500 2621 548 2656 ut
565 2610 766 2655 diximus
785 2647 795 2667 ,
822 2610 919 2672 ipse
945 2611 1217 2656 adduxerat.
1241 2614 1392 2667 Quem
1412 2613 1550 2657 etiam

162 2705 209 2734 se
225 2726 235 2746 ,
257 2688 386 2733 nudo
411 2688 578 2751 capite,
602 2688 722 2732 inter
739 2687 858 2732 duos
883 2704 961 2732 seu
993 2687 1206 2749 praelatos
1232 2704 1311 2732 seu
1339 2705 1553 2751 proceres

162 2765 369 2811 medium
395 2764 771 2827 adequitantem,
799 2764 947 2809 voluit
972 2763 1257 2826 praecedere,
1289 2774 1338 2811 ut
1375 2765 1552 2811 civibus
