2037 3442
438 279 511 314 143
817 279 1152 315 HISTORIARUM
1179 282 1356 317 CAROLI
1383 284 1451 318 VII

434 357 612 402 toribus
641 358 720 418 qui
745 372 884 418 supra
916 373 1103 402 murum
1133 358 1379 404 adstabant
1397 397 1408 419 ⁷
1441 361 1640 408 admotis
1664 366 1795 412 scalis
1812 402 1823 424 ‚

435 449 623 477 murum
643 431 980 477 conscenderet
1002 448 1086 494 per
1108 442 1228 478 atras
1249 435 1400 480 noctis
1425 437 1638 484 tenebras
1657 476 1667 498 ,
1696 451 1741 486 et
1765 443 1827 488 sic

433 508 617 553 civitate
657 507 919 570 potiretur¹.
956 510 1070 563 Quae
1092 525 1164 553 res
1200 519 1245 554 et
1281 512 1467 557 Francis
1503 514 1712 576 perutilis
1732 552 1743 574 ,
1783 526 1827 562 et

434 585 696 646 Anglicanis
712 584 848 629 rebus
866 601 962 629 non
979 601 1144 647 parum
1159 585 1386 633 damnosa
1401 590 1585 635 exstitit.
1605 594 1689 636 Per
1705 608 1829 639 eam-

433 663 542 708 dem
568 663 694 708 enim
717 662 949 708 civitatem
969 662 1095 708 idem
1112 663 1346 727 Floequet,
1374 664 1490 710 fines
1512 684 1619 713 suos
1637 669 1829 715 studens

432 757 616 803 semper
653 756 912 803 propagare
945 750 990 785 et
1021 741 1273 804 ampliare,
1314 743 1454 805 paulo
1484 755 1590 807 post
1627 757 1826 792 castrum

433 821 551 867 Novi
574 821 728 882 Burgi‘2
749 820 1009 882 acquisivit,
1025 837 1194 882 magna
1218 821 1296 867 illa
1310 823 1686 885 circumjacentia
1706 843 1831 871 cam-

432 898 602 961 pestria
626 907 670 943 et
705 913 840 958 agros
877 897 1062 960 opimos
1096 898 1264 944 ditioni
1297 902 1589 945 Francorum
1621 917 1705 964 per
1737 901 1830 948 hoc

434 984 702 1020 restituens.

498 1052 720 1113 Sequenti
745 1061 900 1097 autem
919 1054 1083 1111 anno&
1107 1056 1398 1099 Francorum
1424 1053 1615 1116 quidam
1647 1053 1798 1100 duces
1818 1091 1829 1113 ‚

432 1131 513 1192 qui
537 1130 595 1175 ad
620 1130 1120 1193 tutandosAquitaniae
1144 1131 1258 1177 fines
1291 1142 1456 1178 contra
1475 1131 1649 1194 Anglos
1677 1133 1758 1194 qui
1784 1133 1832 1177 in

433 1208 663 1253 vasconia
699 1217 831 1253 erant
849 1243 860 1265 ‚
915 1217 960 1253 et
999 1208 1091 1254 illic
1130 1209 1464 1271 Burdegalam⁷
1509 1213 1748 1272 Bayonam
1791 1218 1837 1254 et

434 1283 687 1329 nonnullas
719 1284 829 1329 alias
853 1284 1057 1331 civitates
1081 1296 1126 1332 et
1150 1286 1327 1350 oppida
1351 1286 1575 1332 tenebant
1594 1323 1605 1345 ,
1643 1288 1690 1331 in
1716 1302 1838 1349 prae—

434 1360 562 1405 sidiis
595 1360 812 1406 collocati
846 1372 1001 1419 erant,
1039 1362 1338 1408 obsidionem
1374 1372 1636 1426 posuerunt
1672 1361 1731 1407 ad
1758 1378 1840 1424 op-

434 1436 599 1499 pidum
634 1453 716 1482 seu
750 1437 986 1482 castellum
1020 1439 1323 1485 nominatum
1346 1440 1598 1502 vulgariter
1625 1439 1833 1483 Tm²tas'⁴.

435 1515 718 1574 Quanquam
762 1529 875 1558 vero
916 1515 1093 1575 Anglici
1139 1516 1272 1561 anxie
1312 1516 1454 1560 nimis
1502 1514 1747 1578 perditum
1784 1513 1839 1557 iri

436 1588 594 1650 eisque
615 1588 785 1634 auferri
816 1589 971 1652 ipsum
996 1590 1228 1653 oppidum
1253 1592 1607 1654 conspicerent,
1638 1599 1683 1635 et
1708 1587 1840 1651 quod

438 1681 491 1709 ea
517 1682 589 1709 res
611 1666 659 1709 in
678 1665 776 1710 aliis
801 1665 942 1711 rebus
967 1667 1222 1728 majoribus
1246 1668 1420 1713 damna
1441 1666 1752 1712 verisimiliter
1776 1664 1840 1708 eis

439 1750 557 1786 esset
581 1741 992 1804 allatura,pactum
1018 1752 1175 1788 tamen
1200 1743 1453 1788 deditionis
1476 1741 1706 1805 compulsi
1727 1741 1842 1785 fece-

441 1826 572 1877 runt,
600 1817 689 1868 nisi
719 1818 778 1863 ad
813 1828 993 1863 certum
1017 1829 1062 1864 et
1097 1829 1319 1865 statutum
1348 1819 1474 1864 diem
1506 1818 1702 1864 obsessis
1726 1833 1840 1861 suc-

443 1910 633 1939 cursum
654 1893 932 1956 praeberent.
960 1895 1085 1940 Infra
1117 1911 1257 1957 quam
1296 1895 1422 1940 diem
1447 1895 1639 1940 Carolus
1657 1931 1668 1952 7
1697 1897 1838 1937 Fran—

445 1985 611 2015 corum
634 1986 730 2025 rex,
758 1971 1006 2015 contractis
1031 1970 1238 2032 undique
1263 1970 1457 2028 viribus,
1478 1980 1523 2015 et
1545 1970 1688 2014 totius
1710 1984 1842 2031 paene

445 2047 576 2108 regni
599 2046 837 2092 nobilibus
862 2056 907 2091 et
929 2046 1153 2091 militibus
1172 2047 1387 2092 adunatis
1406 2084 1416 2104 ,
1446 2047 1577 2109 quasi
1596 2055 1713 2091 esset
1734 2060 1841 2089 cum

448 2123 703 2186 Anglorum
718 2124 897 2186 integra
913 2125 1122 2186 potentia
1144 2123 1466 2180 dimicaturus,
1484 2124 1529 2167 in
1550 2122 1843 2185 Aquitaniam

448 2217 583 2247 suam
609 2201 956 2264 expeditionem
993 2200 1221 2257 traduxit3
1261 2209 1307 2245 et
1338 2210 1444 2245 ante
1468 2209 1691 2245 statutum
1716 2198 1841 2243 diem

443 2278 574 2339 juxta
592 2278 823 2341 oppidum
840 2314 850 2334 ‚
877 2286 1149 2340 exspectans
1174 2275 1395 2322 audacter
1418 2293 1526 2322 cum
1552 2277 1707 2338 Anglis
1731 2290 1843 2338 prae·

449 2354 564 2398 lium
597 2363 737 2417 atque
771 2364 1005 2400 certamen
1039 2354 1181 2410 inire,
1221 2363 1373 2399 castra
1408 2363 1607 2400 metatus
1637 2362 1720 2399 est.
1750 2350 1841 2397 Sed

449 2431 628 2493 Anglici
649 2467 661 2489 ,
688 2431 901 2477 videntes
935 2431 1054 2492 regis
1096 2429 1432 2477 validissimum
1458 2430 1738 2488 exercitum,
1781 2427 1842 2474 ad

504 2575 516 2608 1
534 2602 539 2608 .
575 2573 624 2609 Ils
644 2575 836 2610 entrerent
854 2586 923 2624 par
943 2586 994 2609 un
1015 2580 1116 2617 troii,
1129 2571 1236 2609 selon
1254 2572 1290 2609 la
1312 2574 1519 2621 Chroniqae
1533 2575 1578 2609 de
1599 2575 1841 2610 Normandie.

503 2636 542 2672 2.
573 2636 813 2687 Neufbourg‚
832 2633 1077 2682 aujourd’hui
1097 2633 1190 2671 dans
1210 2635 1559 2675 l’arrondissement
1578 2634 1625 2672 de
1644 2634 1840 2674 Louviers.

505 2694 540 2728 3.
575 2695 690 2731 1442.

504 2754 542 2788 4.
574 2752 826 2798 Aujourd’hui
847 2753 940 2790 dans
962 2754 997 2790 le
1018 2753 1278 2804 departement
1299 2754 1363 2791 des
1382 2754 1543 2794 Laudes.
