2037 3442
420 297 495 331 258
787 292 1125 327 HISTORIARUM
1152 292 1331 327 CAROLI
1360 292 1427 326 v11

419 384 673 436 quaestores
696 374 808 434 regii
822 409 832 424 .‚
853 388 937 434 per
960 371 1247 417 miserandas
1267 372 1397 433 regni
1412 374 1699 416 Francorum
1712 388 1821 433 pro-

416 451 615 506 vincias,
650 448 853 511 populos
885 464 1074 510 pascere
1104 457 1210 492 sunt
1245 447 1396 503 soliti,
1432 455 1477 491 et
1496 445 1705 491 volentes
1734 464 1821 491 no-

416 528 625 573 lentesve
657 525 982 570 obmutescere
1016 533 1220 585 cogunt,
1256 532 1306 568 ut
1338 539 1397 568 ne
1432 539 1554 568 unus
1579 523 1635 567 sit
1661 523 1740 584 qui
1775 524 1821 568 in

417 603 708 648 contrarium
745 601 938 663 gannire
974 601 1173 658 audeat,
1214 600 1341 663 ipsos
1384 599 1745 660 Burdegalenses
1780 609 1825 645 et

418 681 655 724 Vascones
676 677 900 739 aggressi,
940 676 1118 721 eisdem
1155 685 1205 721 ut
1239 676 1457 738 imposita
1490 692 1635 721 onera
1657 684 1826 738 sponte

417 760 630 805 subirent
654 759 851 804 suadere
869 757 1181 803 conabantur.
1207 760 1422 813 Quorum
1442 756 1766 802 molitionibus
1783 766 1827 802 et

418 836 738 899 impietatibus
763 834 1020 898 prudenter
1043 844 1089 880 et
1111 843 1382 880 constanter
1406 834 1659 880 renitentes
1677 872 1688 893 ,
1717 851 1826 897 sup-

419 914 657 977 plicabant
680 913 776 975 regi
801 928 885 975 per
905 912 1140 957 solemnes
1163 927 1298 973 quOS,
1326 910 1466 972 hujus
1489 911 1555 956 rei
1580 911 1742 972 gratia,
1768 911 1828 957 ad

420 1006 530 1035 eum
554 990 729 1050 legatos
750 988 1054 1047 destinarant,
1076 997 1126 1033 ut
1142 987 1353 1033 libertate
1372 997 1512 1050 atque
1534 987 1830 1033 immunitate

422 1067 487 1112 eis
520 1066 739 1129 pollicitis
764 1081 818 1110 ac
842 1065 1107 1128 promissis,
1135 1064 1251 1109 dum
1278 1064 1569 1109 deditionem
1592 1064 1831 1110 civitatum

422 1159 615 1188 suarum
634 1151 773 1204 atque
795 1151 1026 1187 terrarum
1045 1141 1273 1200 facerent,
1298 1157 1379 1186 eos
1404 1141 1557 1202 quiete
1576 1141 1716 1204 potiri
1735 1157 1834 1204 per-

424 1219 606 1263 mittere
635 1218 804 1275 vellet3
832 1217 1072 1263 habebant
1103 1218 1229 1263 enim
1256 1217 1315 1262 de
1336 1216 1608 1278 hujusmodi
1633 1217 1832 1280 promis-

423 1296 635 1342 sionibus
660 1305 705 1341 et
732 1296 879 1360 pactis
902 1294 1196 1341 libertatibus
1214 1295 1406 1351 litteras,
1434 1310 1604 1355 magno
1623 1294 1834 1356 ejusdem

425 1374 545 1434 regis
577 1372 727 1434 sigillo
763 1372 1004 1434 sigillatas;
1035 1388 1083 1416 se
1115 1371 1348 1416 fidelitatis
1378 1381 1667 1417 sacramenta
1701 1371 1836 1432 regiae

427 1448 656 1511 majestati
690 1447 881 1493 fecisse:
913 1447 1039 1492 unde
1071 1447 1130 1493 de
1162 1447 1273 1510 ipsis
1300 1447 1493 1491 minime
1522 1446 1733 1491 haesitare
1762 1446 1839 1491 de-

427 1525 579 1580 beret,
597 1525 711 1588 quin
726 1524 766 1569 ei
786 1523 946 1569 fideles
961 1540 1014 1569 ac
1029 1523 1184 1570 devoti
1203 1532 1556 1586 permanerent3
1573 1522 1631 1568 ad
1645 1522 1839 1568 tutelam

432 1620 542 1649 vero
564 1603 724 1665 patriae
747 1610 793 1647 et
817 1601 1056 1647 civitatum
1085 1610 1225 1663 atque
1258 1600 1548 1663 oppidorum
1572 1617 1766 1645 suorum
1792 1616 1840 1645 se

431 1680 540 1725 satis
558 1678 769 1724 sufficere
791 1677 1041 1723 adversum
1060 1677 1236 1735 hostes,
1259 1694 1408 1739 eaque
1425 1677 1564 1739 longe
1585 1677 1749 1722 melius
1770 1687 1840 1723 at-

433 1771 524 1817 que
542 1754 744 1811 fidelius,
767 1770 909 1817 quam
928 1770 1013 1817 per
1040 1754 1241 1799 militum
1260 1753 1374 1799 inibi
1391 1755 1564 1799 locatas
1584 1753 1837 1811 custodias,

434 1841 701 1877 servaturos
721 1840 861 1893 atque
881 1829 1182 1883 defensuros;
1206 1830 1446 1893 praeteritis
1465 1846 1512 1874 se
1535 1830 1659 1875 idem
1684 1830 1842 1875 fecisse

437 1906 754 1971 temporibus,
784 1923 870 1952 nec
903 1905 1073 1952 talibus
1097 1906 1321 1970 praesidiis
1355 1906 1557 1952 militum
1583 1915 1724 1968 atque
1753 1907 1842 1952 eis-

439 1984 548 2030 dem
563 1985 788 2029 connexis
804 1983 1096 2044 vectigalium
1124 2000 1205 2028 seu
1228 1983 1461 2028 talliarum
1485 1984 1685 2044 angariis
1707 1983 1844 2029 fuisse

440 2069 672 2122 gravatos,
700 2059 807 2105 lieet
830 2060 1082 2105 viciniores
1109 2069 1222 2105 tunc
1246 2059 1405 2104 hostes
1425 2069 1714 2122 paterentur,
1735 2060 1840 2122 qui,

440 2135 572 2181 nullo
601 2134 904 2196 interjacente
938 2135 1054 2180 freto
1075 2171 1085 2191 ,
1121 2135 1439 2180 conterminas
1469 2135 1677 2181 civitates
1706 2146 1846 2198 atque

442 2211 617 2274 oppida
639 2210 971 2274 possidebant3
999 2229 1126 2257 nunc
1153 2228 1280 2268 vero,
1304 2228 1412 2256 cum
1435 2211 1593 2257 hostes
1620 2212 1774 2258 nullos
1798 2213 1845 2258 in

441 2288 604 2333 vicinis
629 2286 901 2350 regionibus
919 2323 930 2345 ,
957 2288 1039 2333 sed
1064 2305 1230 2334 omnes
1254 2289 1434 2334 amicos
1457 2289 1577 2350 regis
1598 2288 1669 2334 vel
1704 2287 1846 2335 foede-

444 2375 571 2410 ratos
595 2363 845 2422 haberent,
870 2364 1086 2426 Anglicos
1105 2381 1215 2410 vero
1237 2381 1408 2427 magno
1429 2374 1569 2428 atque
1590 2365 1683 2411 lato
1705 2366 1847 2410 inter-

440 2442 625 2503 jacente
647 2458 835 2503 aequore
855 2441 1051 2501 divisos,
1074 2459 1170 2486 non
1186 2441 1305 2487 adeo
1321 2459 1369 2487 se
1389 2441 1640 2488 formidare
1655 2442 1843 2498 debere,

446 2519 560 2580 quin
594 2519 703 2563 satis
736 2518 824 2564 sibi
855 2519 915 2564 ad
942 2517 1191 2564 tutandum
1229 2535 1276 2565 se
1310 2518 1531 2564 adversus
1563 2535 1643 2565 eos
1681 2519 1847 2565 virium

448 2606 696 2658 suppetere
720 2596 1030 2654 arbitrentur3
1056 2613 1142 2642 nec
1166 2596 1299 2642 saluti
1329 2613 1492 2642 eorum
1522 2596 1740 2660 expedire
1771 2605 1844 2650 ut,

448 2682 643 2734 propter
679 2682 856 2717 metum
887 2689 1053 2718 eorum
1090 2673 1362 2733 incertaque
1400 2690 1485 2718 nec
1516 2689 1723 2735 unquam
1754 2672 1846 2716 for-

447 2748 579 2793 tassis
605 2758 828 2794 eventura
854 2749 1086 2811 pericula,
1115 2760 1248 2795 certae
1272 2766 1325 2796 ac
1348 2749 1620 2795 indubitatae
1643 2759 1688 2795 et
1714 2765 1845 2794 man-
