2037 3442
751 249 895 284 LIBER
923 248 1138 285 TERTIUS.
1571 247 1583 279 1
1596 247 1610 280 1
1621 248 1641 279 §⁵

253 332 312 377 de
336 341 456 378 terra
485 333 674 377 suismet
708 331 879 377 viribus
914 341 959 377 et
993 331 1132 376 armis
1159 328 1470 393 expellerent3
1512 327 1645 372 dole-

252 408 458 470 bamque
486 408 616 470 quod
641 418 706 453 tot
731 408 903 471 oppida
924 418 967 452 et
991 407 1174 453 castella
1192 407 1351 469 patriae
1383 405 1441 451 ab
1471 404 1642 466 Anglo-

251 502 356 530 rum
381 495 608 548 potestate
631 486 887 543 exuissent,
915 485 1047 547 quasi
1075 485 1228 529 minor
1249 483 1426 547 praedas
1448 481 1640 544 agendi,

252 561 310 606 ad
340 577 455 622 quas
488 561 788 607 solummodo
812 561 1082 619 inhiabant,
1120 560 1310 606 facultas
1345 576 1427 622 per
1458 559 1550 604 hoc
1579 558 1645 603 eis

252 637 609 700 relinqueretur.

721 794 1055 837 (IAPlTULUM
1090 793 1167 836 Vl.

331 917 499 950 Praeludia
517 930 557 951 ex
574 919 698 962 quibus
718 918 839 951 Franci
860 918 944 951 urbe
962 915 1142 950 Parisicnsi
1163 913 1325 959 Anglicos
1345 912 1563 957 expulerunt.

316 1027 434 1070 Cum
462 1035 616 1071 autem
655 1041 870 1087 guerras,
899 1033 948 1068 ut
975 1023 1072 1084 jam
1096 1021 1324 1079 diximus,
1364 1035 1459 1064 non
1496 1030 1643 1065 castra

251 1107 479 1146 metantes
508 1102 580 1147 vel
603 1102 829 1148 exercitus
860 1099 1151 1160 colligentes,
1180 1097 1342 1143 Franci
1371 1105 1533 1141 contra
1559 1099 1645 1141 An-

250 1176 394 1237 glicos
417 1178 666 1237 ducerent,
690 1178 771 1224 sed
788 1194 870 1240 per
887 1176 1200 1240 proditioneS,
1225 1174 1416 1220 insidias
1440 1185 1484 1220 et
1508 1174 1643 1219 dolos

249 1254 457 1300 civitates
482 1255 554 1300 vel
579 1256 752 1319 oppida
774 1255 833 1300 de
856 1254 1112 1316 Anglorum
1139 1262 1366 1316 potestate
1387 1253 1644 1297 niterentur

250 1332 513 1392 acquirere,
552 1332 747 1393 contigit
780 1341 827 1377 ut
863 1340 1066 1376 castrum
1103 1330 1160 1375 de
1200 1329 1468 1374 Meulenck¹
1504 1344 1643 1391 supra

249 1408 540 1468 Sequanam,
575 1419 619 1453 et
644 1408 956 1466 pontisaram,
1000 1406 1230 1470 oppidum
1264 1422 1403 1469 super
1441 1408 1639 1463 Isaram,

250 1483 417 1529 talibus
459 1485 633 1531 artibus
672 1486 980 1530 lucrarentur.
1016 1487 1131 1529 Nam
1162 1483 1422 1528 Mulentum
1457 1499 1507 1527 ex
1546 1483 1641 1526 ssu—

249 1560 375 1605 mine
403 1578 487 1623 per
509 1562 677 1608 cloacae
698 1561 908 1607 foramen
930 1561 1057 1623 prior
1084 1559 1250 1621 aliquis
1274 1560 1507 1620 ingressus
1527 1559 1641 1604 fere-

248 1636 404 1696 batur,
447 1640 526 1701 qui
572 1641 743 1685 caeteris
784 1639 963 1684 aditum
1002 1647 1106 1700 post
1141 1635 1287 1682 modo
1324 1637 1637 1698 patefaceret?

246 1715 488 1761 Pontisara
514 1726 670 1761 autem
695 1725 835 1761 noctu
862 1731 945 1778 per
969 1714 1198 1759 defectum
1223 1713 1484 1758 debitarum
1509 1729 1643 1759 excu-

247 1790 454 1850 biarum,
493 1802 762 1838 transcenso
800 1808 884 1855 per
919 1789 1061 1835 scalas
1093 1805 1228 1834 muro
1247 1826 1257 1846 ,
1287 1789 1510 1852 acquisita
1541 1799 1607 1834 est
1625 1807 1638 1846 3

248 1878 316 1924 et,
345 1885 454 1913 cum
480 1869 690 1932 locuplex
722 1868 949 1932 oppidum
976 1867 1120 1925 foret,
1156 1867 1200 1911 in
1236 1866 1440 1929 praedam
1467 1867 1639 1928 ingres-

247 1961 409 1990 sorum
435 1945 845 2008 direptionemque
869 1945 1003 1990 cessit
1019 1946 1045 1989 ².

310 2022 391 2067 His
414 2033 570 2068 autem
604 2023 719 2068 locis
744 2039 826 2085 per
850 2026 1050 2067 Francos
1079 2021 1340 2084 acquisitis,
1369 2022 1480 2067 urbs
1516 2022 1643 2067 Pari-

245 2099 394 2156 siaca,
430 2116 569 2161 quam
610 2101 707 2161 jam
742 2116 825 2162 per
857 2115 1004 2144 annos
1036 2098 1264 2161 plurimos
1293 2099 1456 2144 Franci
1488 2100 1641 2144 venati

246 2175 450 2236 fuerant,
471 2177 519 2221 in
543 2186 799 2222 extremam
822 2176 1140 2221 necessitatem
1160 2175 1386 2238 perducta
1411 2185 1495 2220 est.
1525 2179 1640 2221 Nam

245 2270 370 2312 cum,
398 2253 658 2298 multorum
683 2253 882 2298 decursu
911 2269 1169 2310 annorum,
1200 2268 1390 2298 annona
1427 2252 1486 2297 ad
1516 2252 1639 2298 illam

245 2330 412 2376 urbem
448 2331 686 2393 potissime
724 2346 805 2393 per
841 2332 1106 2392 Sequanam
1131 2330 1189 2375 de
1229 2329 1542 2385 Normannia,
1570 2332 1642 2376 vel

246 2424 327 2470 per
347 2409 523 2453 flumen
542 2411 690 2465 isarae,
715 2407 1040 2467 adveheretur,
1064 2407 1150 2452 illis
1169 2406 1355 2452 duobus
1371 2407 1643 2453 fluminibus

246 2485 438 2531 sublatis
469 2495 515 2531 et
546 2485 732 2530 illorum
765 2484 969 2530 duorum
1006 2483 1293 2547 oppidorum
1316 2484 1532 2545 captione
1557 2483 1641 2529 ol}-

298 2609 335 2644 1.
369 2607 536 2655 Meulan,
561 2607 718 2658 appelee
734 2616 815 2648 tout
835 2608 882 2644 de
901 2607 997 2645 suite
1019 2608 1129 2658 apres
1149 2611 1372 2648 Mulennme.

296 2667 334 2703 2.
365 2669 467 2703 Dans
484 2667 520 2703 la
538 2667 620 2703 nuit
638 2666 690 2704 du
708 2668 757 2703 24
776 2666 990 2717 septembre
1010 2668 1127 2703 4435,

296 2727 332 2761 3.
365 2727 695 2763 Commencement
719 2725 765 2762 de
787 2729 903 2764 1436.
