2037 3442
707 271 849 304 LIBER
881 269 1107 315 QUINTUS.
1536 269 1604 303 5³01

210 350 404 407 tionem,
429 349 736 410 reintegratus
752 358 797 394 et
820 350 1059 394 restitutus
1083 348 1186 406 fuit,
1216 348 1398 393 favente
1419 348 1610 410 quidem

209 435 253 470 ct
275 425 534 487 gratulante
557 425 789 488 Philippo,
819 425 1209 487 Burgundionum
1233 424 1370 483 duce,
1395 425 1470 469 cui
1492 428 1614 468 Hen-

210 503 292 546 rici
316 502 483 563 ejectio
509 512 551 546 et
584 502 787 547 Edoardi
822 503 994 546 erectio
1023 518 1119 546 non
1146 518 1311 564 parum
1352 502 1444 546 suis
1475 502 1615 546 rebus

210 578 510 623 stabilimenti
530 578 744 622 contulit.
770 581 884 622 Nam
915 578 981 633 si,
1009 578 1307 639 permittente
1333 581 1456 636 Deo,
1485 595 1615 640 arque

213 663 262 697 ut
279 652 465 696 duobus
484 651 719 713 prioribus
740 652 925 714 praeliis,
951 652 1090 696 etiam
1111 653 1157 696 in
1179 653 1331 707 tertio,
1353 654 1554 698 Henrico
1573 663 1618 698 et

213 730 305 774 suis
338 728 596 773 fautoribus
618 728 804 772 fortuna
828 727 1142 784 secundasset,
1172 729 1359 790 suisque
1383 730 1619 774 exstinctis

214 806 449 863 hostibus,
486 806 615 867 regni
650 805 839 865 integris
871 804 1048 850 viribus
1080 805 1257 868 potitus
1291 805 1448 849 suisset
1471 842 1481 860 ,
1522 823 1618 850 non

215 881 413 926 dubium
443 881 555 942 quin
589 879 868 941 Burgundiae
905 879 1076 925 domus
1114 881 1159 924 in
1190 881 1440 925 discrimen
1477 882 1620 925 maxi-

218 975 347 1003 mum
381 956 924 1020 periculosissimumque
957 956 1160 1001 deducta
1199 956 1385 1014 fuisset,
1417 957 1621 1002 duorum

217 1035 652 1097 potentissimorum
683 1049 936 1095 regnorum
973 1034 1174 1078 Franciae
1203 1044 1247 1079 et
1285 1034 1477 1095 Anghae,
1514 1052 1621 1080 suo-

220 1127 418 1173 rumque
450 1121 516 1155 tot
547 1110 883 1155 foederatorum
919 1119 1059 1172 atque
1097 1104 1427 1156 auxiliatorum
1463 1127 1623 1173 aggre-

219 1187 390 1232 dienda
441 1187 604 1241 armis,
653 1203 707 1231 ac
753 1185 930 1231 viribus
975 1187 1085 1231 totis
1131 1188 1458 1249 expugnanda.
1509 1192 1625 1234 Nam

221 1263 466 1324 utriusque
497 1263 615 1323 regis
643 1263 850 1319 animus,
886 1260 1108 1308 adversus
1133 1264 1284 1326 ipsam
1316 1264 1512 1309 domum
1539 1266 1626 1310 im-

219 1338 436 1402 placabili
472 1355 604 1400 paene
637 1339 748 1384 odio
780 1339 1013 1384 animatus
1049 1350 1094 1384 et
1124 1342 1413 1398 concitatus,
1441 1342 1500 1386 ad
1525 1359 1627 1387 eam

221 1415 584 1478 opprimendam
605 1415 1018 1478 subruendamque
1042 1434 1140 1462 non
1162 1417 1362 1463 dubium
1383 1419 1495 1480 quin
1520 1420 1629 1464 totis

221 1491 398 1536 viribus
426 1492 730 1536 incubuisset.
758 1495 918 1554 Itaque
952 1493 1209 1539 simultates
1239 1495 1359 1539 inter
1394 1496 1630 1558 principes

223 1568 478 1614 Galliarum
523 1569 602 1613 diu
640 1579 831 1614 servatae
868 1578 910 1614 et
957 1571 1142 1615 nutritae
1186 1571 1328 1615 etiam
1370 1573 1631 1616 Britannias

224 1645 472 1706 agitaruut.
508 1647 555 1687 ln
584 1643 754 1705 quibus
784 1660 893 1688 cum
926 1645 1155 1690 intestina}
1179 1646 1433 1692 seditiones
1471 1647 1633 1710 praelu-

226 1722 416 1778 derent,
461 1720 519 1765 de
561 1730 733 1765 eventu
769 1720 842 1764 vel
875 1721 1213 1766 conservanda*
1254 1722 1325 1767 vel
1371 1723 1633 1768 evertendae

227 1798 398 1842 domus
428 1796 709 1857 Burgundiae
736 1795 781 1840 in
814 1795 985 1841 effectu
1017 1797 1298 1854 certabatur,
1333 1800 1634 1862 civiliumque

228 1874 513 1919 Gallicarum
551 1873 897 1918 discordiarum
938 1874 1231 1936 fragmentiS,
1270 1893 1372 1938 quae
1410 1878 1454 1922 in
1496 1895 1635 1923 suum

230 1965 428 2010 regnum
452 1950 746 2006 invexerant,
775 1949 908 2011 Angli
945 1951 1066 1995 miro
1107 1961 1152 1996 et
1189 1951 1464 1998 lacrimabili
1497 1955 1635 1999 exitio

232 2026 379 2071 collisi
403 2034 527 2070 sunt,

298 2105 404 2147 Erat
424 2102 522 2164 jam
547 2111 649 2146 tum
673 2101 800 2164 apud
825 2103 1216 2165 Burgundionum
1246 2103 1417 2150 ducem
1444 2105 1637 2169 Delphi-

234 2196 348 2236 nus,
388 2178 446 2223 de
485 2195 579 2240 quo
616 2195 756 2241 supra
800 2182 1199 2237 memoravimus3
1232 2182 1313 2244 qui
1353 2182 1539 2244 qualem
1590 2184 1636 2228 in

236 2272 373 2300 suum
407 2257 693 2317 genitorem,
727 2256 944 2313 Henrici,
983 2267 1031 2302 ut
1062 2258 1265 2304 diximus
1287 2295 1297 2315 ,
1337 2260 1549 2322 partibus
1575 2261 1638 2304 fa-

236 2343 446 2392 ventem,
475 2342 652 2393 gereret
675 2332 972 2391 charitatem,
1000 2335 1046 2379 in
1075 2335 1163 2381 illis
1189 2336 1464 2381 tumultibus
1486 2337 1643 2398 Angli-

238 2413 366 2457 canis
396 2411 604 2458 indicare
640 2429 737 2456 non
774 2414 947 2458 omisit.
979 2417 1096 2460 Nam
1126 2416 1171 2460 in
1208 2417 1345 2461 tertio
1374 2415 1454 2461 illo
1481 2417 1640 2479 przelio

239 2490 491 2553 quemdam
517 2491 800 2552 armigerum
835 2507 997 2551 suum,
1026 2494 1249 2539 vexillum
1280 2494 1504 2540 ferentem
1522 2533 1531 2551 ‚
1559 2495 1642 2541 ha-

240 2568 394 2612 buisse
420 2568 580 2624 fertur,
606 2584 715 2612 cum
739 2567 894 2630 aliqua
920 2570 1169 2615 satellitum
1201 2587 1371 2631 manu7
1402 2589 1543 2634 quam
1564 2573 1643 2619 illo

244 2643 633 2706 Burgundionum
658 2644 752 2689 dux
783 2644 1039 2692 destinarat
1069 2647 1128 2692 ad
1159 2649 1380 2693 auxilium
1417 2650 1639 2695 Edoardi.

245 2723 408 2766 Fuerat
435 2737 605 2783 nempe
639 2720 884 2769 Edoardus
916 2738 1025 2767 cum
1050 2739 1146 2769 uno
1180 2734 1258 2770 aut
1284 2724 1472 2772 duobus
1497 2727 1645 2772 fratri-
