2037 3442
719 338 860 372 LIBER
888 337 1113 383 QUINTUS.
1539 337 1615 373 265

226 416 397 461 rimum
420 416 622 462 calidum
656 417 926 478 et‘siccum)
942 452 953 473 ,
980 415 1226 462 arbitratus
1250 425 1317 462 est
1340 417 1494 477 fugam
1517 433 1616 462 esse

225 494 451 538 exercitus
480 497 790 552 Francorum,
824 494 902 555 qui
936 503 1112 538 terrore
1146 493 1216 538 sui
1248 492 1474 538 adventus
1512 509 1616 556 per-

226 569 367 622 moti,
400 569 567 614 relictis
597 569 754 614 castris
785 569 900 623 suis,
937 567 1235 628 aufugerent,
1263 584 1358 612 non
1393 567 1617 612 audentes

225 644 322 704 ejus
345 653 632 707 exspectasse
655 659 972 705 congressum.
1002 643 1239 687 Festinans
1264 643 1418 704 itaque
1441 652 1485 686 et
1509 659 1617 687 suos

227 729 450 781 tanquam
466 719 523 765 ad
543 719 747 782 praedam
765 728 809 763 et
823 718 1037 780 fugitivos
1052 718 1430 780 persequendum
1445 718 1618 763 cohor-

226 805 355 852 tans,
375 812 521 856 usque
544 795 598 840 ad
625 804 773 840 castra
797 793 1188 855 obsidionemque
1211 797 1496 838 Francorum
1522 810 1619 855 per-

226 872 375 928 venit,
404 870 572 916 relictis
606 870 768 933 procul
794 886 819 914 a
844 879 972 930 tergo
1002 868 1094 913 suis
1122 867 1416 931 pedestribus
1440 868 1615 929 copiis;

225 947 283 992 ad
317 964 418 1009 quae
448 947 725 1010 perveniens
755 955 930 1004 castra,
956 944 1186 1006 comperit
1211 943 1403 1005 quidem
1429 943 1487 988 de
1515 943 1619 1004 fuga

226 1040 320 1068 non
345 1040 424 1069 eos
445 1024 696 1086 quicquam
723 1023 972 1084 cogitasse,
1000 1021 1080 1066 sed
1101 1021 1257 1083 potius
1280 1020 1339 1065 de
1357 1020 1511 1083 ipsum
1536 1035 1619 1064 au-

225 1099 384 1145 dacter
406 1109 451 1144 et
474 1100 684 1144 animose
713 1097 1043 1161 exspectando,
1072 1099 1198 1153 Quos
1224 1105 1379 1141 autem
1405 1095 1621 1158 pulveres

224 1192 248 1221 a
274 1176 412 1237 longe
434 1176 637 1232 viderat,
662 1177 914 1221 excitarant
937 1178 1223 1219 Francorum
1247 1173 1372 1234 equi,
1394 1188 1513 1234 quos
1534 1172 1622 1235 ipsi

224 1269 331 1297 cum
360 1253 543 1297 famulis
575 1263 620 1298 et
648 1251 959 1314 mangonibus
991 1268 1015 1296 e
1047 1250 1207 1296 castris
1236 1249 1530 1306 dimiserant,
1561 1247 1621 1294 ad

223 1329 324 1373 loca
355 1328 659 1374 deducendos
691 1330 738 1373 in
770 1328 939 1391 quibus
963 1326 1223 1372 necessaria
1252 1326 1317 1371 eis
1345 1324 1519 1388 pabula
1549 1325 1621 1368 in-

223 1404 370 1448 veniri
388 1415 578 1466 possent
593 1424 603 1462 3
621 1421 717 1450 non
741 1405 867 1449 enim
888 1403 946 1448 de
965 1403 1089 1465 fuga,
1111 1402 1191 1447 sed
1215 1402 1274 1446 de
1298 1400 1621 1464 permanentia

223 1481 508 1541 cogitarant,
544 1482 624 1544 qui
657 1483 722 1526 sic
758 1498 905 1544 equos
936 1497 1044 1525 suos
1076 1480 1352 1536 emiserant,
1386 1495 1471 1541 per
1501 1494 1622 1540 quos

223 1557 288 1600 eis
310 1573 414 1618 spes
442 1558 803 1619 praesidiumque
833 1558 881 1602 in
914 1556 1044 1618 fuga,
1081 1557 1117 1600 si
1147 1555 1206 1600 de
1239 1571 1294 1601 ea
1315 1556 1618 1616 cogitassent,

222 1649 320 1678 esse
347 1634 623 1696 potuissent.

683 1805 1018 1849 CAPITULUM
1053 1805 1151 1848 Vll.

224 1937 386 1970 Proelium
418 1939 511 1984 apud
542 1940 807 1983 Castellionem,
838 1940 874 1973 in
911 1952 982 1984 quo
1009 1938 1174 1972 dominus
1208 1938 1250 1972 de
1283 1938 1411 1970 Talebot
1442 1950 1522 1970 cum
1556 1938 1624 1970 suis

271 1998 422 2042 Anglicis
448 1999 522 2031 caesi
546 2000 708 2042 fuerunt,
726 2008 757 2033 et
781 2008 859 2046 post
885 2000 1078 2046 Burdegala
1105 2012 1182 2032 cum
1206 1999 1280 2032 aliis
1301 1998 1465 2031 omnibus
1485 1997 1624 2044 oppidis

272 2063 420 2100 recepta.

290 2163 432 2223 Igitur
462 2179 569 2208 cum
610 2163 670 2208 ad
703 2173 851 2209 castra
880 2166 1169 2210 Francorum
1193 2164 1487 2210 adventasset
1515 2179 1623 2208 cum

224 2240 319 2284 suis
337 2239 572 2301 equitibus
593 2240 935 2302 praecipitanter
949 2241 1103 2298 nimis,
1127 2257 1223 2286 non
1242 2239 1515 2302 exspectatis
1529 2239 1622 2284 suis

225 2314 519 2378 pedestribus
544 2316 690 2378 copiis
713 2325 757 2360 et
789 2315 965 2361 bellicis
989 2316 1307 2362 instrumentis
1327 2317 1455 2377 (quae
1477 2315 1624 2378 copiae

224 2391 283 2437 ad
309 2408 557 2437 numerum
585 2408 725 2454 supra
755 2391 916 2437 decem
948 2393 1092 2439 millia
1127 2394 1263 2438 fuisse
1289 2391 1618 2454 ferebantur),

224 2478 370 2513 castra
396 2484 662 2531 expugnare
688 2468 908 2513 decrevit.
934 2471 965 2513 A
993 2485 1084 2531 qua
1107 2469 1367 2514 temeritate
1390 2485 1498 2513 cum
1519 2468 1623 2530 qui-

225 2544 334 2589 dam
352 2544 523 2589 nobilis
546 2545 632 2601 vir,
661 2544 990 2607 primipilarius
1013 2561 1095 2589 seu
1120 2545 1324 2606 signifer,
1349 2545 1423 2590 cui
1446 2560 1620 2589 nomen

224 2630 318 2665 erat
342 2619 545 2665 Thomas
571 2621 879 2683 Evrl'ngleam,
907 2637 1013 2666 eum
1040 2621 1282 2666 dimovere
1310 2621 1442 2666 vellet
1461 2657 1471 2677 ,
1499 2621 1622 2684 peri-

223 2696 382 2741 culum
407 2697 482 2742 cui
506 2713 553 2742 se
576 2707 620 2742 et
646 2713 754 2742 suos
783 2697 1034 2759 objiciebat
1059 2698 1329 2755 ostendens,
1354 2697 1624 2761 prudentis-

224 2773 338 2819 sime
381 2773 618 2819 indicabat
650 2773 780 2836 quod
813 2774 1121 2820 verisimiliter
1155 2774 1240 2820 sibi
1279 2776 1465 2837 suisque
1507 2774 1624 2820 foret
