<?xml version="1.0" encoding="UTF-8"?>
<!DOCTYPE html PUBLIC "-//W3C//DTD XHTML 1.0 Transitional//EN"
    "http://www.w3.org/TR/xhtml1/DTD/xhtml1-transitional.dtd">
<html xmlns="http://www.w3.org/1999/xhtml" xml:lang="en" lang="en">
 <head>
  <title>
</title>
<meta http-equiv="Content-Type" content="text/html;charset=utf-8" />
  <meta name='ocr-system' content='tesseract 3.04.00' />
  <meta name='ocr-capabilities' content='ocr_page ocr_carea ocr_par ocr_line ocrx_word'/>
</head>
<body>
  <div class='ocr_page' id='page_1' title='image "./histoiredesrgn01basi_0405.png"; bbox 0 0 2037 3442; ppageno 0'>
   <div class='ocr_carea' id='block_1_1' title="bbox 697 366 1586 414">
    <p class='ocr_par' dir='ltr' id='par_1_1' title="bbox 697 366 1586 414">
     <span class='ocr_line' id='line_1_1' title="bbox 697 366 1586 414; baseline -0.004 -9"><span class='ocrx_word' id='word_1_1' title='bbox 697 371 739 405; x_wconf 80' lang='lat' dir='ltr'>LI</span> <span class='ocrx_word' id='word_1_2' title='bbox 745 368 835 404; x_wconf 80' lang='lat' dir='ltr'>BER</span> <span class='ocrx_word' id='word_1_3' title='bbox 863 369 1085 414; x_wconf 87' lang='lat' dir='ltr'>QUARTUS</span> <span class='ocrx_word' id='word_1_4' title='bbox 1093 396 1100 403; x_wconf 93' lang='lat'><strong>.</strong></span> <span class='ocrx_word' id='word_1_5' title='bbox 1512 366 1586 401; x_wconf 75' lang='lat'><strong>&lt;233</strong></span> 
     </span>
    </p>
   </div>
   <div class='ocr_carea' id='block_1_2' title="bbox 197 448 1597 1884">
    <p class='ocr_par' dir='ltr' id='par_1_2' title="bbox 198 448 1591 818">
     <span class='ocr_line' id='line_1_2' title="bbox 199 448 1588 513; baseline -0.001 -19"><span class='ocrx_word' id='word_1_6' title='bbox 199 466 383 513; x_wconf 78' lang='lat' dir='ltr'><strong>semper</strong></span> <span class='ocrx_word' id='word_1_7' title='bbox 420 451 559 512; x_wconf 66' lang='lat' dir='ltr'>{cquis</span> <span class='ocrx_word' id='word_1_8' title='bbox 593 451 770 512; x_wconf 75' lang='lat' dir='ltr'>legibus</span> <span class='ocrx_word' id='word_1_9' title='bbox 804 452 861 496; x_wconf 86' lang='lat' dir='ltr'>ad</span> <span class='ocrx_word' id='word_1_10' title='bbox 895 451 1182 496; x_wconf 78' lang='lat' dir='ltr'>deditionem</span> <span class='ocrx_word' id='word_1_11' title='bbox 1220 449 1425 511; x_wconf 85' lang='lat' dir='ltr'>recepit:</span> <span class='ocrx_word' id='word_1_12' title='bbox 1460 448 1588 493; x_wconf 81' lang='lat' dir='ltr'>Cice-</span> 
     </span>
     <span class='ocr_line' id='line_1_3' title="bbox 199 525 1587 590; baseline -0.001 -19"><span class='ocrx_word' id='word_1_13' title='bbox 199 526 326 571; x_wconf 88' lang='lat' dir='ltr'>ronis</span> <span class='ocrx_word' id='word_1_14' title='bbox 359 537 725 590; x_wconf 75' lang='lat' dir='ltr'>caeterorumque</span> <span class='ocrx_word' id='word_1_15' title='bbox 765 527 1155 590; x_wconf 73' lang='lat' dir='ltr'>plii&#39;msopliorum</span> <span class='ocrx_word' id='word_1_16' title='bbox 1196 525 1587 570; x_wconf 77' lang='lat' dir='ltr'>humanissimum</span> 
     </span>
     <span class='ocr_line' id='line_1_4' title="bbox 199 602 1585 664; baseline 0 -18"><span class='ocrx_word' id='word_1_17' title='bbox 199 612 479 664; x_wconf 78' lang='lat' dir='ltr'>praeceptum</span> <span class='ocrx_word' id='word_1_18' title='bbox 515 613 719 661; x_wconf 75' lang='lat' dir='ltr'>secutus,</span> <span class='ocrx_word' id='word_1_19' title='bbox 762 604 841 664; x_wconf 81' lang='lat' dir='ltr'>qui</span> <span class='ocrx_word' id='word_1_20' title='bbox 884 602 1100 646; x_wconf 77' lang='lat' dir='ltr'>dixerunt</span> <span class='ocrx_word' id='word_1_21' title='bbox 1138 612 1276 662; x_wconf 78' lang='lat' dir='ltr'>atque</span> <span class='ocrx_word' id='word_1_22' title='bbox 1311 602 1585 657; x_wconf 77' lang='lat' dir='ltr'>voluerunt,</span> 
     </span>
     <span class='ocr_line' id='line_1_5' title="bbox 198 678 1591 741; baseline 0.001 -19"><span class='ocrx_word' id='word_1_23' title='bbox 198 679 335 723; x_wconf 78' lang='lat' dir='ltr'>etiam</span> <span class='ocrx_word' id='word_1_24' title='bbox 370 679 404 723; x_wconf 84' lang='lat' dir='ltr'>si</span> <span class='ocrx_word' id='word_1_25' title='bbox 439 680 555 723; x_wconf 84' lang='lat' dir='ltr'>aries</span> <span class='ocrx_word' id='word_1_26' title='bbox 584 696 771 724; x_wconf 87' lang='lat' dir='ltr'>murum</span> <span class='ocrx_word' id='word_1_27' title='bbox 798 680 1102 741; x_wconf 78' lang='lat' dir='ltr'>percusserit,</span> <span class='ocrx_word' id='word_1_28' title='bbox 1131 678 1287 723; x_wconf 81' lang='lat' dir='ltr'>hostes</span> <span class='ocrx_word' id='word_1_29' title='bbox 1323 687 1477 722; x_wconf 84' lang='lat' dir='ltr'>tamen</span> <span class='ocrx_word' id='word_1_30' title='bbox 1518 695 1591 723; x_wconf 90' lang='lat' dir='ltr'>re-</span> 
     </span>
     <span class='ocr_line' id='line_1_6' title="bbox 199 755 1125 818; baseline -0.001 -18"><span class='ocrx_word' id='word_1_31' title='bbox 199 756 435 818; x_wconf 81' lang='lat' dir='ltr'>quirentes</span> <span class='ocrx_word' id='word_1_32' title='bbox 459 757 502 800; x_wconf 92' lang='lat' dir='ltr'>in</span> <span class='ocrx_word' id='word_1_33' title='bbox 530 756 668 801; x_wconf 77' lang='lat' dir='ltr'>sidem</span> <span class='ocrx_word' id='word_1_34' title='bbox 692 773 788 802; x_wconf 84' lang='lat' dir='ltr'>csse</span> <span class='ocrx_word' id='word_1_35' title='bbox 815 755 1125 817; x_wconf 67' lang='lat' dir='ltr'>recipiendsffi.</span> 
     </span>
    </p>

    <p class='ocr_par' dir='ltr' id='par_1_3' title="bbox 197 829 1597 1884">
     <span class='ocr_line' id='line_1_7' title="bbox 264 829 1590 894; baseline -0.001 -19"><span class='ocrx_word' id='word_1_36' title='bbox 264 835 526 894; x_wconf 68' lang='lat' dir='ltr'>Expurgate</span> <span class='ocrx_word' id='word_1_37' title='bbox 554 833 705 894; x_wconf 81' lang='lat' dir='ltr'>itaque</span> <span class='ocrx_word' id='word_1_38' title='bbox 726 848 802 876; x_wconf 85' lang='lat' dir='ltr'>rex</span> <span class='ocrx_word' id='word_1_39' title='bbox 826 830 884 875; x_wconf 81' lang='lat' dir='ltr'>al)</span> <span class='ocrx_word' id='word_1_40' title='bbox 909 831 1063 891; x_wconf 83' lang='lat' dir='ltr'>Anglis</span> <span class='ocrx_word' id='word_1_41' title='bbox 1084 829 1277 874; x_wconf 79' lang='lat' dir='ltr'>flumine</span> <span class='ocrx_word' id='word_1_42' title='bbox 1301 830 1526 889; x_wconf 79' lang='lat' dir='ltr'>Sequanae</span> <span class='ocrx_word' id='word_1_43' title='bbox 1547 840 1590 874; x_wconf 88' lang='lat' dir='ltr'>et</span> 
     </span>
     <span class='ocr_line' id='line_1_8' title="bbox 198 904 1590 969; baseline -0.003 -17"><span class='ocrx_word' id='word_1_44' title='bbox 198 907 257 952; x_wconf 85' lang='lat' dir='ltr'>ad</span> <span class='ocrx_word' id='word_1_45' title='bbox 272 924 406 952; x_wconf 88' lang='lat' dir='ltr'>usum</span> <span class='ocrx_word' id='word_1_46' title='bbox 422 908 727 969; x_wconf 79' lang='lat' dir='ltr'>navigationis</span> <span class='ocrx_word' id='word_1_47' title='bbox 741 906 1118 966; x_wconf 82' lang='lat' dir='ltr'>evehendarumq</span> <span class='ocrx_word' id='word_1_48' title='bbox 1127 922 1182 949; x_wconf 89' lang='lat' dir='ltr'>ue</span> <span class='ocrx_word' id='word_1_49' title='bbox 1196 904 1421 949; x_wconf 84' lang='lat' dir='ltr'>mercium</span> <span class='ocrx_word' id='word_1_50' title='bbox 1441 904 1590 948; x_wconf 85' lang='lat' dir='ltr'>libero</span> 
     </span>
     <span class='ocr_line' id='line_1_9' title="bbox 198 980 1590 1044; baseline -0.002 -17"><span class='ocrx_word' id='word_1_51' title='bbox 198 983 408 1039; x_wconf 84' lang='lat' dir='ltr'>reddito,</span> <span class='ocrx_word' id='word_1_52' title='bbox 447 983 590 1028; x_wconf 87' lang='lat' dir='ltr'>duces</span> <span class='ocrx_word' id='word_1_53' title='bbox 629 1001 737 1029; x_wconf 82' lang='lat' dir='ltr'>suos</span> <span class='ocrx_word' id='word_1_54' title='bbox 781 1000 889 1028; x_wconf 87' lang='lat' dir='ltr'>cum</span> <span class='ocrx_word' id='word_1_55' title='bbox 935 981 1083 1044; x_wconf 82' lang='lat' dir='ltr'>copiis</span> <span class='ocrx_word' id='word_1_56' title='bbox 1124 997 1285 1025; x_wconf 84' lang='lat' dir='ltr'>versus</span> <span class='ocrx_word' id='word_1_57' title='bbox 1320 980 1590 1024; x_wconf 84' lang='lat' dir='ltr'>inferiorem</span> 
     </span>
     <span class='ocr_line' id='line_1_10' title="bbox 200 1058 1588 1118; baseline -0.004 -14"><span class='ocrx_word' id='word_1_58' title='bbox 200 1061 533 1106; x_wconf 83' lang='lat' dir='ltr'>Normanniam</span> <span class='ocrx_word' id='word_1_59' title='bbox 570 1060 836 1115; x_wconf 81' lang='lat' dir='ltr'>destinavit,</span> <span class='ocrx_word' id='word_1_60' title='bbox 872 1058 950 1103; x_wconf 82' lang='lat' dir='ltr'>ubi</span> <span class='ocrx_word' id='word_1_61' title='bbox 985 1058 1041 1103; x_wconf 85' lang='lat' dir='ltr'>ad</span> <span class='ocrx_word' id='word_1_62' title='bbox 1076 1067 1279 1102; x_wconf 77' lang='lat' dir='ltr'>castrum</span> <span class='ocrx_word' id='word_1_63' title='bbox 1314 1059 1588 1118; x_wconf 80' lang='lat' dir='ltr'>Essayum¹,</span> 
     </span>
     <span class='ocr_line' id='line_1_11' title="bbox 199 1132 1590 1198; baseline -0.004 -18"><span class='ocrx_word' id='word_1_64' title='bbox 199 1136 328 1197; x_wconf 85' lang='lat' dir='ltr'>quod</span> <span class='ocrx_word' id='word_1_65' title='bbox 352 1135 590 1198; x_wconf 80' lang='lat' dir='ltr'>spectabat</span> <span class='ocrx_word' id='word_1_66' title='bbox 610 1136 718 1180; x_wconf 82' lang='lat' dir='ltr'>duci</span> <span class='ocrx_word' id='word_1_67' title='bbox 746 1134 986 1180; x_wconf 84' lang='lat' dir='ltr'>Alenconii</span> <span class='ocrx_word' id='word_1_68' title='bbox 1013 1133 1118 1194; x_wconf 75' lang='lat' dir='ltr'>(sed</span> <span class='ocrx_word' id='word_1_69' title='bbox 1144 1132 1298 1176; x_wconf 87' lang='lat' dir='ltr'>adhuc</span> <span class='ocrx_word' id='word_1_70' title='bbox 1322 1132 1477 1194; x_wconf 83' lang='lat' dir='ltr'>ipsum</span> <span class='ocrx_word' id='word_1_71' title='bbox 1504 1135 1590 1176; x_wconf 81' lang='lat' dir='ltr'>An-</span> 
     </span>
     <span class='ocr_line' id='line_1_12' title="bbox 199 1208 1593 1274; baseline -0.003 -18"><span class='ocrx_word' id='word_1_72' title='bbox 199 1212 302 1274; x_wconf 88' lang='lat' dir='ltr'>glici</span> <span class='ocrx_word' id='word_1_73' title='bbox 322 1212 635 1273; x_wconf 74' lang='lat' dir='ltr'>detinebant),</span> <span class='ocrx_word' id='word_1_74' title='bbox 658 1221 805 1256; x_wconf 81' lang='lat' dir='ltr'>castra</span> <span class='ocrx_word' id='word_1_75' title='bbox 827 1211 984 1255; x_wconf 86' lang='lat' dir='ltr'>metati</span> <span class='ocrx_word' id='word_1_76' title='bbox 1005 1219 1126 1255; x_wconf 88' lang='lat' dir='ltr'>sunt.</span> <span class='ocrx_word' id='word_1_77' title='bbox 1148 1210 1310 1254; x_wconf 77' lang='lat' dir='ltr'>Solum</span> <span class='ocrx_word' id='word_1_78' title='bbox 1329 1209 1454 1253; x_wconf 87' lang='lat' dir='ltr'>enim</span> <span class='ocrx_word' id='word_1_79' title='bbox 1478 1208 1593 1253; x_wconf 88' lang='lat' dir='ltr'>illud</span> 
     </span>
     <span class='ocr_line' id='line_1_13' title="bbox 198 1284 1594 1349; baseline -0.001 -17"><span class='ocrx_word' id='word_1_80' title='bbox 198 1297 401 1332; x_wconf 75' lang='lat' dir='ltr'>castrum</span> <span class='ocrx_word' id='word_1_81' title='bbox 448 1304 554 1332; x_wconf 87' lang='lat' dir='ltr'>cum</span> <span class='ocrx_word' id='word_1_82' title='bbox 591 1298 740 1333; x_wconf 88' lang='lat' dir='ltr'>castro</span> <span class='ocrx_word' id='word_1_83' title='bbox 779 1286 1242 1349; x_wconf 69' lang='lat' dir='ltr'>Dompni—Frontis‘27</span> <span class='ocrx_word' id='word_1_84' title='bbox 1290 1284 1411 1329; x_wconf 86' lang='lat' dir='ltr'>infra</span> <span class='ocrx_word' id='word_1_85' title='bbox 1450 1294 1594 1330; x_wconf 86' lang='lat' dir='ltr'>terras</span> 
     </span>
     <span class='ocr_line' id='line_1_14' title="bbox 198 1362 1594 1425; baseline -0.002 -17"><span class='ocrx_word' id='word_1_86' title='bbox 198 1363 406 1424; x_wconf 84' lang='lat' dir='ltr'>ejusdem</span> <span class='ocrx_word' id='word_1_87' title='bbox 431 1364 585 1423; x_wconf 83' lang='lat' dir='ltr'>ducis,</span> <span class='ocrx_word' id='word_1_88' title='bbox 624 1364 797 1425; x_wconf 81' lang='lat' dir='ltr'>Anglici</span> <span class='ocrx_word' id='word_1_89' title='bbox 831 1374 941 1408; x_wconf 86' lang='lat' dir='ltr'>tunc</span> <span class='ocrx_word' id='word_1_90' title='bbox 964 1362 1214 1417; x_wconf 83' lang='lat' dir='ltr'>tenebant3</span> <span class='ocrx_word' id='word_1_91' title='bbox 1243 1378 1354 1407; x_wconf 87' lang='lat' dir='ltr'>nam</span> <span class='ocrx_word' id='word_1_92' title='bbox 1379 1370 1487 1406; x_wconf 85' lang='lat' dir='ltr'>ante</span> <span class='ocrx_word' id='word_1_93' title='bbox 1518 1379 1594 1406; x_wconf 90' lang='lat' dir='ltr'>ur-</span> 
     </span>
     <span class='ocr_line' id='line_1_15' title="bbox 197 1438 1593 1503; baseline -0.001 -20"><span class='ocrx_word' id='word_1_94' title='bbox 197 1439 268 1484; x_wconf 90' lang='lat' dir='ltr'>bis</span> <span class='ocrx_word' id='word_1_95' title='bbox 309 1439 691 1503; x_wconf 82' lang='lat' dir='ltr'>Rothomagensis</span> <span class='ocrx_word' id='word_1_96' title='bbox 729 1441 1160 1503; x_wconf 81' lang='lat' dir='ltr'>recuperationem,</span> <span class='ocrx_word' id='word_1_97' title='bbox 1195 1439 1318 1484; x_wconf 87' lang='lat' dir='ltr'>cives</span> <span class='ocrx_word' id='word_1_98' title='bbox 1352 1438 1593 1483; x_wconf 80' lang='lat' dir='ltr'>Alenconii</span> 
     </span>
     <span class='ocr_line' id='line_1_16' title="bbox 198 1515 1591 1576; baseline 0 -17"><span class='ocrx_word' id='word_1_99' title='bbox 198 1524 243 1560; x_wconf 84' lang='lat' dir='ltr'>et</span> <span class='ocrx_word' id='word_1_100' title='bbox 271 1517 567 1576; x_wconf 72' lang='lat' dir='ltr'>Argentonii,</span> <span class='ocrx_word' id='word_1_101' title='bbox 605 1527 650 1562; x_wconf 87' lang='lat' dir='ltr'>et</span> <span class='ocrx_word' id='word_1_102' title='bbox 680 1516 1023 1573; x_wconf 71' lang='lat' dir='ltr'>Bellisnoenses,</span> <span class='ocrx_word' id='word_1_103' title='bbox 1053 1516 1100 1560; x_wconf 88' lang='lat' dir='ltr'>in</span> <span class='ocrx_word' id='word_1_104' title='bbox 1126 1516 1348 1561; x_wconf 84' lang='lat' dir='ltr'>comitatu</span> <span class='ocrx_word' id='word_1_105' title='bbox 1376 1515 1591 1573; x_wconf 81' lang='lat' dir='ltr'>Pertici³‚</span> 
     </span>
     <span class='ocr_line' id='line_1_17' title="bbox 198 1590 1594 1651; baseline 0 -16"><span class='ocrx_word' id='word_1_106' title='bbox 198 1606 295 1635; x_wconf 86' lang='lat' dir='ltr'>sese</span> <span class='ocrx_word' id='word_1_107' title='bbox 329 1590 587 1651; x_wconf 79' lang='lat' dir='ltr'>dederant,</span> <span class='ocrx_word' id='word_1_108' title='bbox 626 1608 734 1636; x_wconf 90' lang='lat' dir='ltr'>cum</span> <span class='ocrx_word' id='word_1_109' title='bbox 760 1592 819 1636; x_wconf 88' lang='lat' dir='ltr'>ad</span> <span class='ocrx_word' id='word_1_110' title='bbox 845 1608 923 1636; x_wconf 82' lang='lat' dir='ltr'>eos</span> <span class='ocrx_word' id='word_1_111' title='bbox 948 1591 1165 1636; x_wconf 83' lang='lat' dir='ltr'>nonnulli</span> <span class='ocrx_word' id='word_1_112' title='bbox 1189 1591 1367 1635; x_wconf 81' lang='lat' dir='ltr'>ducum</span> <span class='ocrx_word' id='word_1_113' title='bbox 1393 1594 1594 1636; x_wconf 84' lang='lat' dir='ltr'>Franco-</span> 
     </span>
     <span class='ocr_line' id='line_1_18' title="bbox 200 1667 1597 1731; baseline 0.001 -20"><span class='ocrx_word' id='word_1_114' title='bbox 200 1683 305 1711; x_wconf 86' lang='lat' dir='ltr'>rum</span> <span class='ocrx_word' id='word_1_115' title='bbox 332 1683 440 1712; x_wconf 89' lang='lat' dir='ltr'>cum</span> <span class='ocrx_word' id='word_1_116' title='bbox 465 1668 742 1714; x_wconf 83' lang='lat' dir='ltr'>militaribus</span> <span class='ocrx_word' id='word_1_117' title='bbox 762 1669 908 1731; x_wconf 86' lang='lat' dir='ltr'>copiis</span> <span class='ocrx_word' id='word_1_118' title='bbox 931 1669 1276 1714; x_wconf 84' lang='lat' dir='ltr'>adventassent.</span> <span class='ocrx_word' id='word_1_119' title='bbox 1303 1671 1487 1730; x_wconf 82' lang='lat' dir='ltr'>ltaque,</span> <span class='ocrx_word' id='word_1_120' title='bbox 1515 1667 1597 1713; x_wconf 85' lang='lat' dir='ltr'>ob-</span> 
     </span>
     <span class='ocr_line' id='line_1_19' title="bbox 198 1742 1595 1807; baseline 0.001 -20"><span class='ocrx_word' id='word_1_121' title='bbox 198 1742 379 1788; x_wconf 86' lang='lat' dir='ltr'>sidione</span> <span class='ocrx_word' id='word_1_122' title='bbox 408 1760 505 1788; x_wconf 83' lang='lat' dir='ltr'>non</span> <span class='ocrx_word' id='word_1_123' title='bbox 532 1744 672 1807; x_wconf 82' lang='lat' dir='ltr'>longa</span> <span class='ocrx_word' id='word_1_124' title='bbox 705 1761 792 1790; x_wconf 89' lang='lat' dir='ltr'>nec</span> <span class='ocrx_word' id='word_1_125' title='bbox 816 1744 1018 1790; x_wconf 86' lang='lat' dir='ltr'>multum</span> <span class='ocrx_word' id='word_1_126' title='bbox 1049 1743 1252 1802; x_wconf 78' lang='lat' dir='ltr'>difficili,</span> <span class='ocrx_word' id='word_1_127' title='bbox 1280 1743 1474 1806; x_wconf 82' lang='lat' dir='ltr'>hujusce</span> <span class='ocrx_word' id='word_1_128' title='bbox 1498 1760 1595 1790; x_wconf 88' lang='lat' dir='ltr'>cas-</span> 
     </span>
     <span class='ocr_line' id='line_1_20' title="bbox 202 1822 974 1884; baseline 0.004 -21"><span class='ocrx_word' id='word_1_129' title='bbox 202 1829 324 1864; x_wconf 86' lang='lat' dir='ltr'>trum</span> <span class='ocrx_word' id='word_1_130' title='bbox 351 1822 577 1882; x_wconf 79' lang='lat' dir='ltr'>Essayum</span> <span class='ocrx_word' id='word_1_131' title='bbox 603 1831 846 1884; x_wconf 83' lang='lat' dir='ltr'>receptum</span> <span class='ocrx_word' id='word_1_132' title='bbox 871 1822 974 1866; x_wconf 42' lang='lat' dir='ltr'>est&amp;</span> 
     </span>
    </p>
   </div>
   <div class='ocr_carea' id='block_1_3' title="bbox 201 1975 1600 2438">
    <p class='ocr_par' dir='ltr' id='par_1_4' title="bbox 253 1975 1594 2025">
     <span class='ocr_line' id='line_1_21' title="bbox 253 1975 1594 2025; baseline 0.001 -13"><span class='ocrx_word' id='word_1_133' title='bbox 253 1979 290 2013; x_wconf 83' lang='lat'>1.</span> <span class='ocrx_word' id='word_1_134' title='bbox 323 1975 446 2018; x_wconf 84' lang='lat' dir='ltr'>Essai,</span> <span class='ocrx_word' id='word_1_135' title='bbox 475 1975 719 2022; x_wconf 79' lang='lat' dir='ltr'>aujourd’hui</span> <span class='ocrx_word' id='word_1_136' title='bbox 739 1976 831 2013; x_wconf 85' lang='lat' dir='ltr'>dans</span> <span class='ocrx_word' id='word_1_137' title='bbox 854 1975 1200 2013; x_wconf 83' lang='lat' dir='ltr'>l&#39;arrondissement</span> <span class='ocrx_word' id='word_1_138' title='bbox 1221 1975 1431 2025; x_wconf 68' lang='lat' dir='ltr'>d&#39;Alencon</span> <span class='ocrx_word' id='word_1_139' title='bbox 1450 1977 1594 2024; x_wconf 79' lang='lat' dir='ltr'>(Ome).</span> 
     </span>
    </p>

    <p class='ocr_par' dir='ltr' id='par_1_5' title="bbox 254 2035 540 2072">
     <span class='ocr_line' id='line_1_22' title="bbox 254 2035 540 2072; baseline 0.003 -2"><span class='ocrx_word' id='word_1_140' title='bbox 254 2036 291 2071; x_wconf 74' lang='lat'>2.</span> <span class='ocrx_word' id='word_1_141' title='bbox 326 2035 540 2072; x_wconf 85' lang='lat' dir='ltr'>Domfront.</span> 
     </span>
    </p>

    <p class='ocr_par' dir='ltr' id='par_1_6' title="bbox 257 2092 1540 2142">
     <span class='ocr_line' id='line_1_23' title="bbox 257 2092 1540 2142; baseline 0.002 -14"><span class='ocrx_word' id='word_1_142' title='bbox 257 2095 292 2129; x_wconf 86' lang='lat'>3.</span> <span class='ocrx_word' id='word_1_143' title='bbox 324 2092 514 2141; x_wconf 63' lang='lat' dir='ltr'>Alentgon,</span> <span class='ocrx_word' id='word_1_144' title='bbox 535 2095 728 2142; x_wconf 82' lang='lat' dir='ltr'>Argentan</span> <span class='ocrx_word' id='word_1_145' title='bbox 752 2103 789 2130; x_wconf 90' lang='lat' dir='ltr'>et</span> <span class='ocrx_word' id='word_1_146' title='bbox 808 2093 993 2141; x_wconf 74' lang='lat' dir='ltr'>Belleme‚</span> <span class='ocrx_word' id='word_1_147' title='bbox 1013 2093 1105 2130; x_wconf 87' lang='lat' dir='ltr'>dans</span> <span class='ocrx_word' id='word_1_148' title='bbox 1125 2093 1160 2130; x_wconf 83' lang='lat' dir='ltr'>le</span> <span class='ocrx_word' id='word_1_149' title='bbox 1176 2094 1298 2130; x_wconf 79' lang='lat' dir='ltr'>comte</span> <span class='ocrx_word' id='word_1_150' title='bbox 1318 2093 1365 2130; x_wconf 83' lang='lat' dir='ltr'>(le</span> <span class='ocrx_word' id='word_1_151' title='bbox 1386 2094 1540 2132; x_wconf 85' lang='lat' dir='ltr'>Perche.</span> 
     </span>
    </p>

    <p class='ocr_par' dir='ltr' id='par_1_7' title="bbox 201 2153 1600 2438">
     <span class='ocr_line' id='line_1_24' title="bbox 255 2153 1599 2204; baseline 0 -15"><span class='ocrx_word' id='word_1_152' title='bbox 255 2157 292 2190; x_wconf 75' lang='lat'>4.</span> <span class='ocrx_word' id='word_1_153' title='bbox 325 2153 438 2190; x_wconf 82' lang='lat' dir='ltr'>Selon</span> <span class='ocrx_word' id='word_1_154' title='bbox 457 2153 597 2190; x_wconf 84' lang='lat' dir='ltr'>Robcrt</span> <span class='ocrx_word' id='word_1_155' title='bbox 626 2154 803 2198; x_wconf 86' lang='lat' dir='ltr'>Blondel‚</span> <span class='ocrx_word' id='word_1_156' title='bbox 834 2155 859 2190; x_wconf 91' lang='lat' dir='ltr'>il</span> <span class='ocrx_word' id='word_1_157' title='bbox 884 2157 949 2203; x_wconf 89' lang='lat' dir='ltr'>n⁷y</span> <span class='ocrx_word' id='word_1_158' title='bbox 975 2162 1038 2191; x_wconf 84' lang='lat' dir='ltr'>eut</span> <span class='ocrx_word' id='word_1_159' title='bbox 1065 2167 1129 2204; x_wconf 80' lang='lat' dir='ltr'>pas</span> <span class='ocrx_word' id='word_1_160' title='bbox 1156 2155 1279 2190; x_wconf 71' lang='lat' dir='ltr'>meme</span> <span class='ocrx_word' id='word_1_161' title='bbox 1307 2153 1353 2190; x_wconf 82' lang='lat' dir='ltr'>de</span> <span class='ocrx_word' id='word_1_162' title='bbox 1385 2153 1500 2204; x_wconf 71' lang='lat' dir='ltr'>siege.</span> <span class='ocrx_word' id='word_1_163' title='bbox 1529 2156 1599 2190; x_wconf 81' lang='lat' dir='ltr'>Les</span> 
     </span>
     <span class='ocr_line' id='line_1_25' title="bbox 202 2211 1599 2263; baseline -0.001 -14"><span class='ocrx_word' id='word_1_164' title='bbox 202 2225 293 2263; x_wconf 82' lang='lat' dir='ltr'>gens</span> <span class='ocrx_word' id='word_1_165' title='bbox 325 2211 486 2249; x_wconf 85' lang='lat' dir='ltr'>d&#39;armes</span> <span class='ocrx_word' id='word_1_166' title='bbox 517 2212 568 2248; x_wconf 87' lang='lat' dir='ltr'>du</span> <span class='ocrx_word' id='word_1_167' title='bbox 597 2213 669 2249; x_wconf 86' lang='lat' dir='ltr'>duc</span> <span class='ocrx_word' id='word_1_168' title='bbox 705 2213 911 2262; x_wconf 78' lang='lat' dir='ltr'>d&#39;Alencon</span> <span class='ocrx_word' id='word_1_169' title='bbox 948 2217 1004 2262; x_wconf 86' lang='lat' dir='ltr'>s’y</span> <span class='ocrx_word' id='word_1_170' title='bbox 1032 2213 1318 2250; x_wconf 78' lang='lat' dir='ltr'>introduisirent</span> <span class='ocrx_word' id='word_1_171' title='bbox 1337 2226 1405 2262; x_wconf 86' lang='lat' dir='ltr'>par</span> <span class='ocrx_word' id='word_1_172' title='bbox 1432 2212 1599 2262; x_wconf 78' lang='lat' dir='ltr'>surprise</span> 
     </span>
     <span class='ocr_line' id='line_1_26' title="bbox 201 2270 1599 2322; baseline 0.001 -16"><span class='ocrx_word' id='word_1_173' title='bbox 201 2270 366 2321; x_wconf 83' lang='lat' dir='ltr'>pendant</span> <span class='ocrx_word' id='word_1_174' title='bbox 394 2284 468 2320; x_wconf 86' lang='lat' dir='ltr'>que</span> <span class='ocrx_word' id='word_1_175' title='bbox 497 2271 531 2308; x_wconf 84' lang='lat' dir='ltr'>la</span> <span class='ocrx_word' id='word_1_176' title='bbox 560 2272 737 2321; x_wconf 77' lang='lat' dir='ltr'>garnison</span> <span class='ocrx_word' id='word_1_177' title='bbox 763 2285 925 2322; x_wconf 83' lang='lat' dir='ltr'>presque</span> <span class='ocrx_word' id='word_1_178' title='bbox 948 2281 1029 2309; x_wconf 82' lang='lat' dir='ltr'>tout</span> <span class='ocrx_word' id='word_1_179' title='bbox 1055 2273 1197 2309; x_wconf 71' lang='lat' dir='ltr'>eutici-e</span> <span class='ocrx_word' id='word_1_180' title='bbox 1220 2272 1308 2308; x_wconf 73' lang='lat' dir='ltr'>ctait</span> <span class='ocrx_word' id='word_1_181' title='bbox 1339 2272 1452 2308; x_wconf 84' lang='lat' dir='ltr'>sortie</span> <span class='ocrx_word' id='word_1_182' title='bbox 1484 2271 1529 2307; x_wconf 89' lang='lat' dir='ltr'>de</span> <span class='ocrx_word' id='word_1_183' title='bbox 1564 2271 1599 2308; x_wconf 87' lang='lat' dir='ltr'>la</span> 
     </span>
     <span class='ocr_line' id='line_1_27' title="bbox 201 2330 1600 2382; baseline 0.002 -17"><span class='ocrx_word' id='word_1_184' title='bbox 201 2331 291 2367; x_wconf 87' lang='lat' dir='ltr'>ville</span> <span class='ocrx_word' id='word_1_185' title='bbox 315 2344 410 2380; x_wconf 89' lang='lat' dir='ltr'>pour</span> <span class='ocrx_word' id='word_1_186' title='bbox 435 2331 527 2368; x_wconf 83' lang='lat' dir='ltr'>aller</span> <span class='ocrx_word' id='word_1_187' title='bbox 553 2331 715 2381; x_wconf 82' lang='lat' dir='ltr'>prendre</span> <span class='ocrx_word' id='word_1_188' title='bbox 743 2332 792 2368; x_wconf 80' lang='lat' dir='ltr'>du</span> <span class='ocrx_word' id='word_1_189' title='bbox 821 2332 972 2381; x_wconf 84' lang='lat' dir='ltr'>poisson</span> <span class='ocrx_word' id='word_1_190' title='bbox 1000 2334 1020 2368; x_wconf 72' lang='grc' dir='ltr'>ἐι</span> <span class='ocrx_word' id='word_1_191' title='bbox 1047 2345 1099 2368; x_wconf 87' lang='lat' dir='ltr'>un</span> <span class='ocrx_word' id='word_1_192' title='bbox 1125 2332 1235 2382; x_wconf 79' lang='lat' dir='ltr'>etang</span> <span class='ocrx_word' id='word_1_193' title='bbox 1261 2333 1376 2380; x_wconf 86' lang='lat' dir='ltr'>qu’on</span> <span class='ocrx_word' id='word_1_194' title='bbox 1402 2330 1530 2368; x_wconf 84' lang='lat' dir='ltr'>venait</span> <span class='ocrx_word' id='word_1_195' title='bbox 1552 2330 1600 2368; x_wconf 86' lang='lat' dir='ltr'>de</span> 
     </span>
     <span class='ocr_line' id='line_1_28' title="bbox 202 2389 1095 2438; baseline 0.001 -12"><span class='ocrx_word' id='word_1_196' title='bbox 202 2389 324 2428; x_wconf 83' lang='lat' dir='ltr'>vider.</span> <span class='ocrx_word' id='word_1_197' title='bbox 348 2393 511 2426; x_wconf 81' lang='lat' dir='ltr'>Assertio</span> <span class='ocrx_word' id='word_1_198' title='bbox 531 2393 768 2428; x_wconf 74' lang='lat' dir='ltr'>Normatmiae</span> <span class='ocrx_word' id='word_1_199' title='bbox 786 2422 795 2438; x_wconf 85' lang='lat'>,</span> <span class='ocrx_word' id='word_1_200' title='bbox 818 2391 844 2428; x_wconf 92' lang='lat' dir='ltr'>l.</span> <span class='ocrx_word' id='word_1_201' title='bbox 868 2393 924 2435; x_wconf 87' lang='grc' dir='ltr'>ΙΙ,</span> <span class='ocrx_word' id='word_1_202' title='bbox 951 2404 983 2427; x_wconf 91' lang='lat' dir='ltr'>c.</span> <span class='ocrx_word' id='word_1_203' title='bbox 1010 2404 1095 2427; x_wconf 82' lang='lat' dir='ltr'><strong>XIII.</strong></span> 
     </span>
    </p>
   </div>
  </div>
 </body>
</html>
