2037 3442
672 378 813 411 LIBER
841 378 1079 421 QUARTUS.
1489 374 1557 407 2411

178 457 313 502 locati
342 467 493 513 erant,
531 458 667 501 simul
692 467 733 502 et
771 457 1008 501 ministros
1034 457 1174 518 ipsius
1198 453 1468 499 bombardae
1499 454 1565 498 la-

177 532 444 589 cessebant,
472 542 517 578 et
542 533 715 577 nedum
746 533 925 587 verbis,
956 532 1035 576 sed
1060 532 1196 576 etiam
1231 530 1403 576 crebris
1434 531 1566 591 jacti-

177 607 262 651 bus
290 607 713 654 bombardellarum
740 617 783 652 et.
808 607 905 651 aliis
930 607 1200 662 missilibus,
1229 624 1282 651 ex
1308 606 1416 668 ipsis
1445 623 1565 650 11011-

179 683 331 727 11111105
369 684 604 729 interdum
640 683 707 728 vel
743 682 1082 727 interficiebant
1118 684 1188 727 vel
1236 682 1563 727 vulnerabant.

180 759 360 814 Quibus
385 775 548 803 eorum
580 759 758 821 injuriis
794 767 838 802 et
879 756 1296 818 inquietationibus
1331 758 1459 817 gravi
1502 758 1567 802 ira

178 845 317 898 atque
352 835 671 895 indignatione
704 843 944 896 permotus
979 833 1121 895 ipsius
1156 831 1428 877 bombardae
1471 849 1570 877 ma-

180 912 333 972 gister,
365 910 708 955 stimulantibus
731 911 868 954 etiam
890 907 1343 968 Rothomagensibus
1370 908 1449 968 qui
1478 908 1568 952 illic

179 988 372 1032 aderant
390 1024 400 1044 ,
429 988 580 1048 ignem
609 986 667 1031 ad
693 985 955 1031 machinam
982 993 1290 1046 praeparatum
1326 983 1565 1038 admovit3

180 1065 257 1124 qui
287 1064 411 1124 jactu
438 1081 522 1107 5110
558 1063 720 1107 turrim
751 1062 900 1117 illam,
928 1061 972 1105 in
1000 1076 1091 1121 qua
1116 1059 1299 1104 stabant
1321 1058 1384 1103 illi
1405 1076 1570 1104 eorum

181 1139 534 1201 inquietatores,
563 1138 844 1201 percutiens,
873 1136 995 1181 illan}
1021 1135 1080 1180 ad
1107 1146 1274 1180 terram
1303 1145 1440 1196 atque
1464 1152 1572 1180 con-

181 1221 494 1265 tumeliatores
531 1220 588 1265 ad
627 1220 796 1264 inferos
832 1218 1015 1279 dejecit.
1058 1221 1150 1262 Nec
1188 1234 1298 1262 vero
1331 1217 1405 1261 illa
1441 1227 1571 1279 petra

178 1297 443 1356 quiescens,
482 1295 561 1340 sed
592 1312 673 1357 per
704 1294 934 1356 oppidum
962 1294 1188 1337 remotius
1212 1292 1399 1348 volans,
1427 1293 1571 1338 multa

177 1369 343 1414 tedium
371 1379 491 1415 tecta
517 1370 707 1431 dejecit,
738 1369 908 1413 multos
930 1369 1127 1431 parietes
1154 1368 1375 1430 perfodit.

244 1445 324 1490 1110
348 1445 503 1506 itaque
522 1446 722 1491 exterriti
742 1455 977 1499 monstro,
1005 1445 1085 1506 qui
1101 1445 1224 1489 intus
1249 1453 1381 1489 erant
1405 1445 1570 1506 Anglo-

179 1539 280 1567 rum
313 1522 480 1575 (luces,
521 1522 775 1584 prudenter
802 1520 1228 1565 animadvertentes
1262 1536 1401 1581 quam
1441 1520 1572 1566 facile

178 1598 428 1660 oppidum,
457 1597 561 1641 licet
583 1613 692 1642 sane
715 1597 822 1642 satis
842 1596 1066 1641 industrie
1087 1613 1139 1640 ac
1162 1596 1405 1656 magnifice
1426 1596 1569 1654 vallo,

179 1673 440 1730 moenibus,
474 1673 677 1718 turribus
710 1682 754 1718 et
797 1673 1165 1735 propugnaculis
1197 1675 1568 1729 communitum,

177 1750 430 1812 expugnari
447 1749 689 1811 potuisset,
709 1749 743 1793 si
771 1765 797 1794 a
817 1749 989 1793 caeteris
1008 1748 1235 1793 machinis
1260 1748 1432 1809 pariter
1453 1748 1573 1792 muri

177 1834 220 1869 et
238 1834 385 1870 turres
402 1830 698 1886 conquassati
719 1825 925 1880 fuissent,
949 1823 1159 1886 periculo
1181 1823 1369 1867 obviam
1389 1833 1570 1880 euntes,

177 1899 411 1957 inducias,
439 1911 488 1944 ut
528 1900 755 1956 diximus,
789 1899 1115 1961 requisierunt.
1164 1898 1458 1959 Urgebantur
1483 1909 1574 1945 ete-

180 1976 274 2019 nim
307 1977 447 2020 etiam
483 1975 698 2031 aliunde3
726 1990 834 2020 nam
860 1991 915 2019 ex
948 1983 1076 2037 parte
1111 1973 1380 2019 monasterii
1417 1975 1573 2019 Sancti

178 2051 419 2114 Stephani,
448 2052 528 2113 qui
550 2061 699 2096 castra
730 2050 797 2095 ibi
828 2051 1096 2096 locaverant
1122 2050 1330 2094 Britones
1358 2059 1400 2094 et
1428 2049 1573 2095 franci

177 2128 425 2188 sagittarii,
464 2128 525 2173 ita
558 2145 640 2191 per
671 2129 817 2174 fossos
862 2128 1103 2174 cuniculos
1143 2138 1188 2173 et
1217 2143 1380 2190 specus
1412 2127 1573 2173 subin-

177 2213 358 2249 traneas
384 2205 551 2249 moenia
569 2204 872 2263 suffoderant,
900 2215 950 2250 ut
970 2205 1067 2267 jani
1091 2204 1205 2249 nihil
1230 2221 1360 2267 paene
1382 2214 1572 2250 restaret

177 2281 515 2344 impedimento
544 2282 796 2343 quominus
816 2282 874 2327 ad
901 2283 1153 2327 intrinseca
1177 2280 1339 2343 oppidi
1362 2291 1574 2342 penetra-

179 2367 295 2403 rent.
324 2360 465 2402 Erant
488 2358 613 2402 enim
638 2358 726 2420 ipsi
748 2359 869 2403 intra
886 2359 1008 2403 muri
1031 2358 1308 2403 densitatem
1332 2358 1379 2402 in
1410 2357 1574 2403 funda-

179 2434 345 2478 mentis
375 2433 619 2495 hospitati,
654 2434 716 2479 ita
740 2444 787 2479 ut
808 2434 905 2495 jam
929 2451 1038 2479 cum
1070 2434 1312 2488 intraneis,
1344 2449 1452 2478 cum
1476 2434 1574 2496 pri-

178 2526 306 2554 mum
325 2509 453 2554 factae
470 2509 653 2554 suerunt
676 2509 873 2555 induciae
889 2547 899 2566 ,
922 2510 1244 2572 loquerentur,
1271 2509 1573 2572 motioneque

179 2586 314 2630 unius
347 2585 513 2648 lapidis
547 2585 774 2630 foramine
806 2585 953 2640 facto,
989 2584 1047 2629 ab
1082 2584 1155 2629 his
1190 2584 1269 2645 qui
1293 2584 1416 2629 intus
1442 2595 1574 2630 erant

178 2671 315 2723 potus
339 2661 500 2706 iisdem
526 2661 822 2723 praeberetur.
854 2661 994 2722 Igitur
1017 2661 1157 2705 duces
1184 2660 1465 2722 Anglorum,
1495 2662 1575 2706 in-

178 2735 326 2780 duciis
352 2736 579 2797 acceptis,
607 2735 666 2780 de
690 2735 929 2780 deditione
954 2744 1237 2780 tractarunt:
1266 2751 1407 2797 quan]
1436 2739 1575 2782 Fran-

177 2828 343 2858 corum
366 2829 445 2857 rex
470 2812 676 2874 accepit,
701 2828 923 2857 concessa
948 2811 1055 2857 duci
1081 2811 1386 2857 Summerseti
1418 2822 1460 2857 et
1481 2814 1575 2858 suis

282 2902 296 2924 1
1341 2889 1391 2924 16
