2037 3442
336 267 412 301 104
717 263 1053 300 HISTORIARUM
1082 263 1260 298 CAROLI
1287 265 1355 298 VII

405 348 459 388 Et
492 343 683 405 quidem
714 344 946 404 primum,
969 342 1099 402 juxta
1121 341 1280 387 villam
1306 342 1561 403 quamdam
1589 360 1734 406 prope

343 419 680 466 monasterium
710 417 867 462 Sancti
901 417 1020 461 Petri
1053 433 1193 479 supra
1224 417 1391 463 Divam
1408 420 1435 476 ¹,
1475 418 1520 463 in
1553 417 1738 463 dioecesi

343 495 566 557 Sagiensi,
590 493 677 557 ipsi
703 493 879 555 Anglici
902 492 1083 538 collecti
1103 493 1285 538 circiter
1306 495 1499 540 trecenti
1523 503 1603 540 aut
1627 510 1738 556 qua-

345 572 579 634 dringenti
611 571 790 634 equites
825 570 912 616 sub
940 570 1150 633 quodam
1186 571 1331 634 impio
1365 572 1627 635 capitaneo,
1664 572 1737 617 cui

343 664 608 710 cognomen
643 657 741 693 erat
779 646 1051 704 Venables²,
1091 647 1421 693 nefandissima
1455 648 1652 694 factione
1692 659 1740 694 ut

343 725 574 789 populum
598 740 819 786 agrorum
845 733 888 769 et
913 723 1126 769 villarum
1150 723 1196 767 in
1221 740 1368 768 unum
1390 723 1549 769 locum
1569 725 1670 787 cogi
1694 734 1739 770 et

342 802 616 864 congregari
643 801 861 858 facerent,
891 800 1108 845 consulto
1136 800 1362 845 miserunt
1388 800 1641 846 duodecim
1662 811 1740 846 aut

344 879 704 943 quatuordecim
728 878 787 923 de
812 877 920 936 suis,
946 877 1026 939 qui
1044 876 1163 921 duos
1182 885 1261 922 aut
1286 886 1378 921 tres
1400 877 1597 921 rusticos
1623 877 1742 922 illius

344 958 478 1017 villae,
503 974 622 1020 quos
647 956 811 1002 obvios
833 954 1128 1012 habuerunt,
1157 952 1405 999 crudeliter
1430 953 1739 999 trucidarunt.

347 1035 488 1096 Cujus
511 1032 738 1079 horrendi
760 1031 942 1077 sceleris
966 1047 1074 1076 cum
1101 1030 1376 1076 cucurrisset
1401 1030 1519 1075 sama
1543 1047 1626 1094 per
1648 1048 1745 1076 om-

347 1127 430 1156 nes
463 1111 593 1156 villas
618 1110 810 1166 vicinas,
843 1118 887 1154 et
910 1107 997 1153 sibi
1027 1107 1224 1170 quisque
1244 1123 1342 1152 non
1365 1106 1541 1169 absque
1564 1108 1744 1153 ratione

349 1188 532 1233 timeret
556 1204 616 1232 ne
648 1186 857 1231 similiter
893 1194 1145 1248 pateretur,
1173 1184 1233 1229 ad
1257 1184 1462 1228 sonitum
1487 1200 1745 1247 campana—

349 1280 453 1308 rum
486 1263 545 1308 de
570 1263 689 1324 agris
712 1272 757 1307 et
780 1261 897 1306 villis
926 1259 1363 1321 circumjacentibus
1387 1276 1555 1321 magna
1588 1259 1743 1304 multi-¹—

348 1340 465 1385 tudo
490 1340 654 1403 populi
678 1339 738 1384 ad
755 1355 903 1384 unum
928 1354 975 1382 se
993 1337 1149 1382 locum
1172 1346 1531 1399 congregarunt,
1553 1352 1746 1399 operam

351 1417 504 1462 daturi
527 1426 577 1461 ut
596 1416 787 1461 sicarios
811 1415 913 1460 illos
929 1413 1289 1459 nefandissimos
1312 1413 1743 1477 apprehenderent,

351 1494 387 1538 si
430 1503 646 1556 possent,
691 1502 737 1537 et
789 1491 848 1536 de
884 1491 996 1554 ipsis
1037 1491 1096 1536 ad
1135 1491 1315 1552 judices
1350 1491 1501 1552 regios
1535 1490 1748 1535 adductis

352 1586 516 1631 poenas
540 1569 720 1615 debitas
744 1570 1083 1631 reposce1·ent³.
1130 1568 1272 1623 Quod
1311 1584 1418 1612 cum
1458 1567 1522 1612 illi
1560 1566 1748 1612 nesandi

351 1645 594 1690 carnifices
617 1645 815 1701 circiter,
844 1658 895 1689 ut
930 1644 1154 1699 diximus,
1187 1644 1382 1690 trecenti
1415 1643 1489 1688 vel
1525 1643 1748 1705 quadrin-

354 1722 480 1783 genti
516 1722 694 1783 equites
719 1721 883 1766 armaii
919 1721 1156 1778 viderent,
1186 1721 1265 1782 qui
1289 1722 1335 1765 in
1368 1721 1546 1766 insidiis
1572 1719 1634 1765 ob
1658 1719 1749 1763 hoc

354 1799 559 1844 studiose
597 1797 863 1855 latitabant,
893 1797 1047 1843 subito
1078 1798 1124 1842 in
1161 1797 1264 1842 illos
1300 1813 1528 1860 pauperes
1553 1796 1750 1841 rusticos

358 1875 595 1939 pedestres
617 1874 663 1918 in
695 1873 798 1919 latis
830 1889 884 1919 ac
909 1872 1176 1936 patentibus
1207 1874 1384 1936 campis
1408 1889 1516 1918 cum
1552 1872 1750 1934 ingentis

406 2048 442 2082 1.
476 2042 962 2081 Saint-Pierre-sur-Dive.

406 2107 442 2142 2.
477 2104 609 2141 C’e'tait
626 2116 677 2139 un
695 2101 860 2152 partisan
880 2114 954 2149 que
973 2103 1065 2136 Jean
1086 2099 1257 2135 Chartier
1280 2099 1467 2149 te'moigne
1487 2100 1596 2137 avoir
1610 2102 1752 2152 occupc

353 2163 526 2212 l’abbaye
549 2162 594 2198 de
616 2162 780 2211 Savigny
806 2160 974 2210 pendant
997 2158 1184 2208 plusieurs
1212 2158 1305 2195 mois
1334 2171 1380 2195 en
1414 2161 1515 2196 1433
1537 2169 1572 2197 et
1602 2175 1627 2210 y
1646 2163 1753 2198 avoir

353 2232 514 2260 soutenu
534 2235 625 2258 avec
641 2221 768 2258 succes
782 2233 833 2256 un
848 2219 948 2270 siege
968 2219 1181 2270 vigoureux
1195 2227 1325 2255 contre
1343 2219 1396 2255 les
1420 2219 1537 2257 forces
1552 2220 1601 2257 du
1615 2221 1688 2258 sire
1707 2221 1753 2258 de

355 2282 485 2319 Laval.
519 2284 621 2318 Dans
643 2280 848 2329 Godefroy,
867 2293 906 2329 p.
930 2281 991 2317 67.

409 2345 445 2378 3.
483 2359 496 2372 u
521 2343 578 2376 En
596 2354 637 2376 ce
658 2348 779 2390 temps
801 2340 932 2386 (1433)
961 2338 1204 2375 s'esleverent
1226 2346 1260 2374 et
1288 2338 1426 2375 inirent
1445 2352 1507 2375 sus
1526 2351 1611 2375 vers
1637 2341 1751 2387 Caen,

352 2400 495 2437 Baieux
519 2407 554 2436 et
571 2398 723 2436 ailleurs
747 2410 792 2434 en
812 2397 848 2434 la
866 2396 973 2433 basse
994 2396 1239 2441 Normandie,
1256 2405 1385 2433 contre
1410 2397 1463 2433 les
1480 2398 1650 2448 Anglois,
1674 2406 1755 2434 tout

354 2458 390 2495 le
411 2459 551 2508 peuple
574 2466 610 2495 et
640 2470 817 2494 commun
843 2456 893 2492 du
926 2469 1035 2505 pays,
1063 2469 1135 2505 que
1156 2455 1283 2493 lesdits
1303 2456 1456 2506 Anglais
1479 2457 1631 2493 avoient
1650 2470 1758 2493 cons-

356 2517 491 2553 trainct
517 2517 562 2553 de
578 2517 736 2554 s'armer
750 2528 845 2566 pour
862 2515 1013 2551 resister
1031 2528 1123 2551 avec
1143 2514 1230 2551 eulx
1250 2523 1377 2552 contre
1391 2515 1425 2551 le
1439 2529 1508 2564 roy
1529 2523 1563 2552 et
1582 2516 1692 2552 ceulx
1709 2515 1755 2553 de

359 2588 426 2612 son
448 2584 572 2625 party.
610 2594 622 2606 n
669 2579 763 2612 ,swan
793 2577 976 2623 Chartser,
1013 2573 1105 2609 dans
1130 2572 1344 2622 Godefroy,
1377 2587 1416 2623 p.
1447 2575 1508 2609 05.
1541 2573 1757 2611 Monstrelet

359 2634 490 2680 rejette
524 2643 618 2671 cette
641 2635 742 2683 prise
770 2634 957 2679 ‹1⁷a1·mes‚
993 2632 1084 2670 dont
1114 2633 1137 2670 il
1162 2634 1223 2669 n'a
1249 2646 1314 2682 pas
1336 2633 1499 2683 compris
1530 2635 1563 2670 le
1591 2646 1676 2670 sens
1693 2662 1702 2677 ‚
1734 2635 1753 2669 a

356 2692 431 2729 l'an
454 2694 568 2728 (14:34.
