2037 3442
428 318 502 353 182
811 315 1149 355 HISTORIARUM
1177 315 1357 357 CAROLI
1383 317 1451 351 VII

425 397 637 459 equitum
678 398 970 451 Francorum
1003 393 1224 444 cohortes
1263 396 1526 451 irruerunt,
1568 413 1660 443 suae
1692 399 1826 445 saluti

425 489 522 519 non
553 471 687 525 aliter
715 487 853 534 posse
878 470 1126 521 consulere
1157 471 1498 528 existimanteS,
1523 471 1716 520 hortum
1741 478 1827 521 Le-

424 550 642 614 prosariae
669 549 940 599 Basileensis
955 584 967 607 ‚
993 550 1168 612 exiguis
1188 549 1530 600 circumdatum
1552 553 1722 612 muris,
1756 553 1828 598 in-

425 628 566 689 gressi
590 636 715 684 sunt,
744 637 792 672 ut
816 626 941 672 vallo
955 626 1287 689 hujuscemodi
1314 636 1480 675 contra
1503 629 1712 689 equitum
1739 630 1826 676 im—

425 715 560 768 petus
583 714 877 762 tutarentur3
906 703 988 750 sed
1011 720 1064 751 ea
1087 721 1160 750 res
1184 704 1244 750 ad
1269 703 1510 752 modicum
1534 716 1827 751 momentum

424 783 628 845 suffugio
653 783 717 828 eis
745 782 843 837 fuit.
874 782 1043 835 Diruto
1070 783 1245 829 etenim
1275 797 1441 840 muro,
1477 780 1639 827 validae
1666 792 1829 828 turma:

425 862 637 923 equitum
663 870 803 923 atque
826 859 1042 924 peditum
1066 860 1258 906 eosdem
1275 860 1494 923 aggressi,
1514 876 1647 923 paene
1666 877 1829 907 omnes

426 937 736 983 trucidarunt.
774 937 917 999 Cujus
950 937 1201 1000 spectaculi
1233 954 1280 983 se
1320 937 1522 995 Basilea,
1556 937 1728 983 moenia
1750 953 1831 983 sua

425 1024 607 1072 tenens,
634 1015 835 1060 otiosam
855 1013 1054 1077 praebuit
1077 1015 1421 1078 spectatricem,
1441 1014 1567 1071 licet,
1590 1024 1642 1060 ut
1667 1013 1827 1073 fertur,

423 1108 511 1154 pro
536 1108 591 1139 ea
611 1091 834 1138 adversus
857 1094 1061 1138 Francos
1085 1091 1348 1138 munienda
1370 1091 1602 1138 venirent.
1636 1090 1833 1137 Volebat

424 1167 574 1231 plebis
598 1167 872 1215 Basileensis
906 1167 1190 1227 multitudo,
1224 1167 1352 1214 illam
1383 1177 1686 1231 prospectans
1710 1168 1832 1214 cala-

425 1244 662 1301 mitatem,
700 1253 751 1288 ut
785 1244 969 1302 ferunt,
1005 1244 1054 1289 in
1092 1260 1259 1290 eorum
1291 1243 1516 1290 auxilium
1555 1261 1828 1302 occurrere3

424 1322 508 1367 sed
534 1339 561 1368 a
583 1321 825 1367 nonnullis
851 1321 1083 1367 oculatius
1105 1322 1315 1385 pericula
1334 1322 1652 1381 imminentia,
1681 1324 1718 1367 si
1741 1322 1832 1367 hoc

424 1407 754 1455 attentassent,
779 1397 1188 1444 considerantibus
1205 1436 1216 1458 ,
1239 1408 1419 1444 retenta
1445 1398 1530 1444 fuit
1554 1408 1599 1444 et
1623 1414 1835 1461 repressa

423 1475 545 1521 illius
567 1475 732 1539 populi
756 1475 1028 1528 animositas
1052 1494 1061 1520 ε
1093 1493 1195 1538 quae
1219 1493 1379 1522 revera
1404 1493 1502 1522 non
1527 1475 1654 1521 aliud
1675 1475 1834 1521 verisi-

424 1552 596 1598 militer
619 1552 904 1598 obtinuisset
927 1553 1170 1616 popularis
1195 1570 1363 1599 manus
1388 1554 1580 1600 inermis
1607 1563 1651 1598 et
1676 1553 1836 1616 pedes·

427 1631 527 1688 tris,
563 1631 813 1691 quantavis
838 1631 1110 1691 multitudo,
1143 1641 1308 1677 contra
1333 1641 1513 1678 tantam
1544 1640 1834 1677 armatorum

427 1707 639 1768 equitum
665 1723 720 1753 ac
746 1707 963 1770 peditum
983 1724 1176 1754 manum
1193 1744 1204 1766 ,
1225 1709 1273 1753 in
1294 1707 1435 1753 rebus
1454 1707 1631 1753 bellicis
1656 1707 1834 1753 exerci—

426 1794 571 1830 tatam
597 1794 737 1847 atque
761 1793 993 1830 assuetam
1009 1820 1020 1841 ,
1047 1802 1190 1847 quam
1212 1786 1609 1848 interemptorum
1641 1801 1833 1829 acervos

425 1861 668 1906 cumulare
712 1870 758 1906 et
802 1860 1035 1923 adaugere
1051 1897 1062 1919 ,
1110 1870 1338 1924 tanquam
1373 1878 1520 1925 pecus
1563 1861 1828 1907 occisionis.

424 1941 585 2000 Itaque
625 1936 802 1983 salubri
841 1938 1000 2000 quoad
1022 1937 1116 1984 hoc
1148 1938 1346 1984 consilio
1374 1955 1454 1984 eos
1484 1937 1835 2000 obtemperasse

425 2014 762 2059 existimamus.

490 2093 716 2154 Suscepta
738 2099 897 2137 autem
922 2091 1196 2153 hujusmodi
1219 2090 1370 2148 clade,
1398 2090 1637 2135 Suitenses
1662 2090 1831 2147 caeteri,

425 2185 482 2214 ex
505 2184 701 2214 suorum
717 2184 832 2214 nece
853 2168 1082 2224 deterriti,
1112 2168 1167 2214 ad
1194 2167 1387 2232 propria
1407 2183 1505 2213 sese
1529 2176 1830 2230 receperunt,

424 2249 713 2292 Francorum
737 2263 850 2292 vero
872 2246 1154 2305 multitudo,
1183 2263 1230 2292 se
1254 2263 1337 2309 per
1361 2255 1508 2291 terras
1531 2245 1630 2290 illas
1653 2245 1836 2292 Alzatiae

425 2342 574 2388 usque
591 2325 639 2370 in
665 2325 781 2371 fines
806 2326 1217 2387 Argentinensium
1235 2329 1246 2350 ¹
1271 2325 1544 2385 effundens,
1575 2326 1735 2371 omnia
1752 2342 1836 2390 po-

428 2401 635 2463 pulabat.
670 2402 763 2458 Qui
786 2402 951 2459 etiam,
979 2419 1087 2447 cum
1105 2403 1237 2464 jussu
1262 2402 1394 2448 ducis
1424 2402 1611 2448 Austriae
1634 2403 1682 2447 in
1701 2403 1834 2467 plura

427 2479 602 2541 oppida
631 2488 675 2524 et
700 2479 890 2525 castella
915 2480 1173 2525 intromissi
1202 2480 1396 2525 fuissent
1420 2496 1474 2526 ex
1507 2497 1740 2526 consensu
1771 2480 1834 2525 ci-

425 2554 554 2598 vium
594 2555 842 2615 locorum,
884 2557 1054 2602 accolis
1090 2557 1212 2602 illius
1242 2557 1429 2620 patriae,
1469 2557 1670 2619 qualiter
1703 2573 1750 2602 se
1787 2557 1832 2601 in

427 2631 620 2676 Francia
656 2648 792 2695 agere
833 2634 1103 2697 quibusque
1139 2634 1369 2680 exercitiis
1415 2633 1576 2681 ludere
1612 2634 1834 2681 assuevis-

481 2785 518 2822 1.
555 2799 571 2815 «
594 2785 615 2819 J
619 2795 738 2833 usque
761 2784 855 2822 dans
874 2786 1042 2825 l'eveche
1062 2787 1110 2824 de
1129 2788 1372 2839 strasbourg.
1399 2806 1416 2821 »ι
