2037 3442
742 309 883 345 LIBER
911 310 1148 356 QUARTUS.
1584 311 1655 345 173

267 392 533 456 providere,
572 390 754 437 nullum
798 392 975 454 injuriae
1018 408 1163 453 genus
1195 401 1263 437 est
1293 393 1423 454 quod
1457 409 1509 437 ex
1548 393 1657 455 ipsis

266 470 455 532 plurimi
484 485 707 515 eorumve
728 469 885 516 famuli
910 485 988 514 seu
1012 468 1210 513 ministri
1240 469 1336 514 suis
1362 468 1653 532 hospitibus,

266 563 352 609 pro
377 546 520 608 gratia
547 545 632 590 sibi
663 546 863 609 praebita*
896 545 1247 608 hospitalitatis,
1282 545 1452 590 referre
1476 556 1658 608 praeter-

266 623 475 677 mittant3
502 621 565 666 ita
591 630 641 666 ut
660 622 935 684 plerumque
965 636 1061 664 non
1086 621 1149 665 ita
1169 619 1362 665 moleste
1390 620 1435 664 in
1466 620 1655 683 publico

265 707 417 744 essent
455 714 666 756 carcere,
698 698 816 742 sicut
853 697 897 741 in
924 696 1124 759 propriis
1154 695 1329 740 laribus
1352 696 1518 756 degere
1550 714 1657 743 cum

265 774 434 820 talibus
488 784 677 836 tamque
717 773 935 819 humanis
982 771 1243 835 hospitibus
1289 772 1653 834 compelluntur.

267 854 369 896 Non
395 850 543 896 refero
562 851 836 911 injuriarum
853 849 1028 913 species
1049 847 1266 908 singulas,
1293 856 1387 892 tam
1407 848 1661 894 verborum

266 943 345 972 seu
369 928 760 972 contumeliarum
785 942 927 988 quarn
950 925 1093 971 reales
1112 960 1122 983 ,
1147 940 1262 986 quas
1285 933 1382 969 tum
1402 924 1449 969 in
1470 926 1661 988 propria

266 1012 365 1047 tuni
389 1003 434 1047 in
461 1003 723 1063 conjunctis
748 1012 792 1047 et
816 1002 1083 1047 domesticis
1108 1000 1343 1064 personis»,
1371 999 1430 1045 ab
1459 1001 1523 1045 eis
1555 1018 1660 1064 per-

267 1080 384 1124 ferre
423 1088 639 1141 oportet,
682 1079 727 1123 in
766 1095 935 1134 uxore,
977 1079 1022 1122 in
1061 1077 1268 1135 filiabus,
1308 1077 1356 1121 in
1400 1076 1577 1122 ancillis
1617 1088 1660 1123 et

266 1154 523 1199 domestica
546 1153 737 1211 familia,
773 1154 819 1197 in
854 1152 993 1197 rebus
1017 1153 1157 1197 etiam
1180 1161 1225 1196 et
1257 1150 1421 1211 bonis,
1465 1151 1524 1197 ad
1559 1170 1660 1215 quae

267 1237 463 1288 possunt
492 1245 730 1291 apponere
754 1244 963 1283 manus:
993 1243 1144 1289 neque
1171 1226 1296 1272 enim
1327 1236 1407 1272 aut
1440 1228 1661 1291 explicari

266 1312 344 1346 aut
382 1305 610 1349 recenseri
647 1304 777 1350 facile
815 1313 1031 1366 possunt,
1079 1303 1167 1348 nisi
1191 1302 1249 1348 ab
1289 1303 1343 1348 iis
1379 1305 1460 1366 qui
1499 1305 1659 1351 talium

265 1376 504 1441 hospitum
527 1380 893 1426 contubernium
931 1379 1218 1425 habuerunt.
1250 1382 1306 1424 Et
1328 1379 1365 1424 si
1398 1380 1518 1426 sorte
1547 1398 1662 1427 non-

267 1454 382 1499 nulli
421 1456 741 1513 inveniantur,
784 1458 863 1519 qui
905 1455 1045 1520 paulo
1081 1456 1253 1501 caeteris
1285 1456 1576 1504 humanitate
1608 1475 1662 1505 ac

266 1531 550 1593 benignitate
575 1533 839 1596 przrcellant
857 1532 1006 1595 <quod
1030 1549 1167 1595 posse
1190 1532 1291 1577 fieri
1315 1550 1411 1578 non
1442 1534 1661 1581 abnueri-

268 1608 415 1668 mus),
453 1607 650 1654 famulos
686 1619 841 1655 tamen
878 1608 1192 1654 communiter
1227 1625 1306 1654 eos
1338 1609 1514 1656 habere
1548 1627 1661 1656 con-

266 1683 398 1745 tingit
435 1693 532 1729 tam
574 1685 848 1743 insolentes,
892 1694 942 1729 ut
982 1683 1107 1728 nulla
1144 1684 1355 1731 molestia
1385 1687 1536 1748 major
1567 1704 1663 1733 esse

266 1760 412 1822 possit
432 1777 574 1822 quam
595 1761 758 1806 talium
773 1761 1169 1806 cohabitationem
1193 1771 1237 1806 et
1259 1764 1663 1810 conversationem

266 1838 496 1882 sustinere
539 1855 548 1882 z
594 1847 689 1882 tam
730 1837 1030 1901 incompositi
1078 1837 1287 1883 moribus
1334 1848 1380 1884 et
1415 1841 1544 1885 omni
1586 1858 1663 1902 ge-

267 1929 377 1959 nere
428 1914 648 1959 vitiorum
694 1914 854 1977 repleti
897 1914 1209 1960 communiter
1254 1930 1352 1959 esse
1402 1932 1664 1963 consuever-

267 1989 429 2036 runt¹l

332 2071 496 2113 Fateor
530 2067 723 2130 quidem
758 2069 804 2112 in
841 2067 1078 2131 republica
1110 2068 1307 2114 omnino
1342 2069 1554 2116 militiam
1592 2072 1662 2117 in-

321 2249 353 2286 1.
388 2245 530 2283 Robert
562 2245 740 2290 Blondel,
766 2255 873 2283 autre
894 2246 1074 2283 historien
1095 2247 1298 2293 normand,
1325 2247 1388 2296 qui
1414 2248 1571 2285 ecrivait
1591 2262 1665 2286 une

265 2305 409 2342 dizaine
429 2304 607 2341 d’annces
621 2305 730 2354 apres
748 2304 986 2341 l’institution
1000 2303 1046 2340 de
1064 2305 1099 2341 la
1118 2304 1384 2356 gendarmerie
1398 2317 1661 2355 permanente,

266 2373 377 2401 vante
396 2378 444 2401 au
465 2364 651 2400 contraire
675 2371 770 2400 cette
790 2371 953 2410 inesure,
973 2372 1008 2399 et
1025 2364 1088 2400 fait
1105 2365 1279 2400 ressortir
1294 2365 1504 2416 l'avantage
1526 2367 1665 2416 qu'elle

264 2436 286 2460 a
307 2437 353 2460 eu
374 2422 549 2459 d’etablir
571 2422 607 2459 la
629 2422 788 2458 securitev
803 2421 984 2472 publique
1006 2436 1013 2456 ι
1039 2439 1053 2455 ‹<
1071 2425 1164 2458 Tum
1182 2422 1335 2472 publica
1350 2423 1500 2471 itinera,
1522 2424 1663 2475 absque

264 2495 393 2519 rerum
414 2490 449 2518 et
472 2494 675 2530 corporum
697 2479 911 2518 discrimine
931 2511 940 2527 ‚
968 2481 1210 2530 frequentare
1239 2481 1414 2529 videre53
1446 2491 1523 2520 turn
1553 2498 1665 2522 omne

265 2541 461 2579 hominum
478 2554 611 2592 genus,
628 2540 818 2591 potissime
838 2540 1118 2591 negociatores,
1146 2553 1345 2577 crumenas
1367 2554 1460 2578 auro
1482 2542 1662 2590 refertas,

264 2601 366 2651 quod
391 2600 505 2650 paulo
526 2609 611 2637 ante
630 2599 669 2636 in
689 2599 840 2636 secretis
860 2607 1003 2635 naturae
1028 2598 1258 2646 visceribus,
1284 2599 1506 2649 praedonum
1537 2611 1660 2647 metu,

265 2659 541 2705 recondebant,
566 2658 792 2696 tutissimum
814 2659 938 2709 palam
962 2658 1110 2695 deferre
1132 2668 1167 2696 et
1188 2659 1235 2696 de
1261 2672 1335 2696 una
1353 2660 1392 2697 in
1411 2661 1569 2698 alteram
1590 2675 1663 2712 pa-

265 2719 373 2756 triam
406 2718 592 2769 proficisci
622 2717 808 2754 laetantur.
845 2734 861 2749 n
890 2720 1054 2752 Assertio
1083 2720 1342 2767 Normanniae,
1370 2719 1436 2757 lib.
1460 2722 1499 2767 Ι,
1521 2734 1555 2758 c.
1581 2734 1661 2766 x1v‚

264 2780 333 2815 Ms.
360 2777 424 2814 lat.
447 2776 542 2814 Bibl.
565 2777 655 2826 imp.
672 2805 681 2823 ‚
707 2783 747 2813 n⁰
768 2777 890 2821 6198,
915 2775 979 2812 sol.
1003 2778 1066 2815 20.
