2037 3442
413 326 486 362 198
779 324 1116 361 HISTORIARUM
1147 325 1324 361 CAROLI
1359 326 1428 362 VII

408 414 736 469 contemptum
768 415 1006 469 patratum
1038 404 1177 450 fuisse
1213 406 1525 469 reputabant,
1558 420 1810 457 asserentes

408 482 579 545 Anglos
603 481 852 544 fidefragos
876 499 931 527 ex
955 481 1050 527 hoc
1079 481 1325 528 manifeste
1353 483 1658 547 comprobari
1674 522 1685 544 ,
1712 487 1809 548 jus-

406 570 546 624 teque
585 576 611 607 a
645 561 860 620 Francis,
896 559 1068 623 quibus
1099 559 1243 606 fidem
1273 570 1514 623 pactarum
1539 572 1809 626 treugarum

406 637 602 683 minime
625 638 952 695 servavissent,
972 637 1087 700 quin
1109 653 1186 682 eas
1205 637 1366 701 potius
1385 638 1562 701 perfide
1585 649 1630 686 et
1651 642 1811 704 nequi-

405 724 476 760 ter
508 714 785 773 violassent,
827 731 965 778 posse
1001 715 1067 759 eis
1099 713 1279 760 bellum
1317 714 1492 760 inferri.
1530 719 1587 761 Et
1616 718 1808 778 quidem

403 791 529 838 illico
567 793 631 838 ita
668 792 768 838 fieri
804 791 980 838 debere
1012 791 1172 855 plures
1207 808 1265 837 ex
1292 794 1581 837 Francorum
1613 793 1809 841 ducibus

405 868 577 916 Cal-olo
596 870 693 932 regi
711 868 988 916 suadebant.
1005 871 1110 932 Ipse
1129 885 1262 927 vero,
1280 868 1361 931 qui
1380 868 1531 930 gravis
1546 878 1590 914 et
1603 870 1809 932 prudens

405 957 527 1006 erat,
563 948 742 1011 quique
777 947 1002 1009 justitiam
1037 955 1082 991 et
1115 945 1259 991 fidem
1297 945 1628 1008 honoremque
1673 963 1807 993 suum

405 1025 626 1071 omnibus
658 1023 998 1088 temporalibus
1034 1022 1300 1069 commodis
1331 1032 1663 1086 anteponeret,
1705 1024 1809 1070 cha-

403 1101 645 1164 rioresque
668 1100 891 1158 haberet,
918 1109 1098 1146 tantam
1116 1115 1215 1145 rem
1240 1107 1552 1162 properanter
1568 1109 1614 1145 et
1628 1101 1809 1147 concite

404 1179 767 1242 aggrediendam
801 1194 900 1224 non
932 1177 1140 1236 censuit,
1168 1177 1357 1233 volens,
1392 1177 1567 1222 nedum
1598 1194 1625 1223 a
1652 1178 1803 1239 malo,

405 1272 569 1302 verum
601 1256 739 1301 etiam
763 1255 822 1301 ab
847 1255 979 1300 omni
1007 1254 1160 1318 specie
1189 1253 1315 1314 mali,
1346 1253 1477 1315 juxta
1499 1254 1808 1317 apostolicum

403 1344 706 1397 praeceptum,
729 1349 895 1379 cavere
918 1342 962 1378 et
987 1333 1236 1378 abstinere.
1268 1333 1315 1377 Si
1339 1332 1480 1391 enim,
1508 1343 1701 1397 repente
1728 1334 1807 1379 illo

401 1421 584 1474 patrato
609 1428 770 1474 opere,
802 1409 955 1471 Anglis
980 1409 1160 1455 bellum
1187 1409 1358 1455 inferre
1380 1420 1699 1474 properasset,
1726 1428 1807 1474 po-

402 1491 595 1535 tuissent
632 1490 787 1535 forsan
822 1489 981 1534 hostes
1017 1488 1075 1533 de
1114 1505 1171 1534 eo
1212 1488 1393 1548 dicere,
1432 1488 1559 1550 quod
1592 1489 1720 1535 vafre
1763 1499 1807 1536 et

401 1566 565 1612 dolose
589 1566 678 1612 tale
702 1564 1002 1627 malignitatis
1021 1574 1345 1610 commentum
1365 1566 1464 1628 ipse
1484 1566 1676 1612 Carolus
1699 1584 1806 1612 cum

400 1643 480 1688 illo
517 1643 764 1688 Francisco
784 1679 794 1699 ,
826 1642 972 1686 milite
1003 1640 1266 1700 Celtibero,
1294 1641 1589 1688 machinatus
1622 1642 1801 1702 fuisset,

400 1729 470 1777 ut,
508 1719 596 1764 sub
635 1719 716 1764 illo
753 1727 1005 1782 praetextu,
1035 1728 1218 1779 treugas
1246 1734 1356 1763 cum
1382 1719 1492 1781 ipsis
1520 1719 1657 1764 initas
1678 1720 1805 1780 jura-

398 1805 558 1858 tasque
596 1795 930 1858 abrumperet,
973 1804 1018 1839 et
1053 1794 1118 1840 eis
1153 1810 1314 1840 earum
1344 1804 1591 1857 rupturam
1624 1796 1805 1842 calum—

398 1873 530 1918 niose
554 1872 823 1935 imputaret.

461 1948 604 2004 Quod
637 1949 867 2012 probrum
904 1959 1043 2011 atque
1073 1942 1381 2010 ignominiam
1412 1949 1585 1993 evitare
1614 1950 1800 2010 volens,

397 2025 658 2088 nolensque
695 2026 833 2072 talem
868 2027 913 2071 in
945 2026 1091 2088 gloria
1121 2042 1204 2071 sua
1235 2026 1350 2088 poni
1385 2026 1647 2083 maculam,
1686 2044 1805 2090 pru-

395 2102 561 2149 denter
581 2119 634 2148 ac
657 2105 892 2167 sapienter
909 2103 1037 2149 idem
1054 2119 1134 2147 rex
1148 2101 1343 2147 Carolus
1363 2103 1583 2147 occurrit.
1609 2106 1804 2166 Legatos

394 2180 521 2225 enim
546 2179 704 2244 plures
740 2190 785 2226 et
812 2180 952 2226 variis
982 2179 1185 2236 vicibus,
1225 2195 1323 2223 non
1360 2178 1507 2224 modo
1542 2178 1603 2224 ad
1633 2179 1802 2226 ducem

394 2258 698 2303 Summerseti
722 2246 989 2321 praefatum,
1020 2273 1182 2302 verum
1207 2256 1345 2301 etiam
1365 2266 1408 2301 et
1433 2256 1481 2301 in
1510 2257 1718 2320 Angliam
1743 2257 1802 2304 ad

394 2350 554 2396 regem
578 2335 835 2397 Anglorum
865 2335 1010 2392 misit,
1045 2335 1126 2396 qui
1157 2333 1216 2379 de
1241 2333 1478 2379 attentatis
1503 2343 1599 2379 tam
1624 2335 1670 2380 in
1697 2351 1801 2399 cap-

396 2423 498 2459 tura
521 2413 730 2476 praedicti
755 2412 943 2478 oppidi,
971 2429 1114 2475 quam
1139 2411 1279 2457 etiam
1311 2412 1357 2456 in
1386 2411 1543 2457 multis
1569 2412 1668 2458 aliis
1704 2429 1805 2477 spe-

394 2490 555 2536 ciebus
584 2500 948 2553 treugarumque
982 2500 1177 2553 ruptura
1210 2489 1374 2534 dolose
1406 2499 1451 2534 et
1478 2488 1656 2552 perfide
1687 2507 1800 2553 prae—

392 2576 594 2629 sumpta,
614 2577 939 2629 quererentur,
957 2567 1346 2630 requirerentque
1361 2566 1646 2612 damnorum
1660 2576 1799 2628 atque

393 2642 669 2703 injuriarum
699 2644 881 2689 debitas
907 2644 1006 2689 fieri
1034 2643 1353 2688 restitutiones
1377 2652 1420 2687 et
1445 2643 1765 2706 reparationes
1785 2679 1795 2699 ,

394 2720 656 2783 protestati,
693 2722 729 2765 si
764 2722 956 2766 minime
990 2721 1036 2765 id
1069 2720 1223 2777 fieret,
1252 2719 1405 2765 fractis
1435 2736 1519 2765 sua
1552 2720 1796 2780 iniquitate

391 2796 588 2858 treugis,
637 2812 684 2841 se
725 2796 782 2840 ad
832 2797 1032 2841 recidiva
1072 2796 1193 2840 bella
1244 2796 1330 2839 sibi
1377 2795 1619 2840 inferenda
1660 2810 1796 2840 com-
