2037 3442
390 291 464 325 ²184
767 286 1106 323 HISTORIARUM
1133 287 1313 322 CAROLI
1340 288 1408 322 VII

388 368 655 429 relinquere
681 381 797 428 quas
823 365 1122 428 occupabant
1153 381 1282 411 arces
1309 375 1354 410 et
1384 365 1430 409 in
1456 366 1698 411 Franciam
1723 382 1790 411 re-

389 447 490 492 dire
513 444 747 507 compulsi
773 453 897 489 sunt.

453 522 667 566 Instituta
690 520 845 583 igitur,
875 530 926 566 ut
944 520 1242 584 praediximus
1258 557 1269 577 ,
1293 529 1339 565 et
1367 519 1585 566 ordinata
1604 537 1687 566 sua
1710 520 1793 565 mi-

387 598 513 655 litia,
550 598 744 643 Carolus
781 615 862 644 rex
898 615 1008 643 cum
1041 599 1161 656 suis,
1201 597 1371 643 relictis
1412 598 1718 661 Lotharingiae
1748 606 1793 643 et

387 676 667 721 Metensium
690 677 828 737 agris,
848 676 894 721 in
913 676 1161 722 Franciam
1178 691 1390 721 reversus
1410 685 1494 721 est.
1522 676 1613 738 Ipsi
1637 685 1791 721 autem

388 755 617 798 Metenses
655 768 876 815 magnam
908 753 1009 798 auri
1041 753 1348 816 quantitatem
1377 755 1666 798 Francorum
1698 754 1794 814 regi

389 839 433 874 et
470 829 569 891 regi
602 831 779 875 Renato
816 829 1002 888 Siciliae,
1038 845 1206 886 suum,
1242 829 1301 874 de
1343 845 1440 892 quo
1476 845 1616 891 supra
1651 828 1794 873 locuti

391 921 581 963 sumus,
621 905 1019 968 chirographum,
1052 922 1139 969 pro
1174 904 1460 951 redimendis
1496 903 1796 951 vexationum

390 982 725 1042 incommodis,
748 993 800 1029 ut
817 983 959 1046 vulgo
985 982 1239 1042 ferebatur,
1260 981 1573 1028 tradiderunt.

849 1166 1186 1210 CAPITULUM
1221 1167 1255 1210 ‘V
1265 1166 1342 1208 Ill.

430 1288 480 1320 De
497 1286 662 1329 caedibus,
685 1287 815 1333 rapinis
832 1298 932 1334 atque
949 1289 1051 1323 variis
1074 1289 1267 1322 insolentiis
1288 1288 1506 1335 praesumptis
1519 1314 1528 1330 ,
1547 1287 1762 1322 currentibus

538 1345 684 1391 treugiS,
702 1346 744 1379 ab
764 1356 910 1392 utraque
930 1348 1080 1393 partium
1095 1374 1104 1390 ,
1123 1348 1277 1393 primum
1293 1357 1409 1381 tamen
1424 1347 1469 1381 ab
1486 1347 1648 1393 Anglicis.

458 1461 604 1505 Porro
619 1459 873 1507 currebant
895 1471 1069 1523 treugae
1093 1477 1202 1507 cum
1227 1460 1430 1524 Anglicis
1454 1470 1669 1524 acceptae,
1692 1460 1800 1505 satis

390 1535 650 1599 tranquillae
668 1547 712 1583 et
726 1537 931 1601 pacificae
951 1539 1135 1584 circiter
1155 1555 1239 1601 per
1251 1553 1402 1584 annos
1420 1538 1556 1583 duos.
1580 1536 1669 1582 Sed
1690 1553 1799 1582 cum

391 1613 683 1675 pedetentim
709 1615 885 1677 Anglici
918 1614 977 1661 ab
1004 1615 1171 1661 ordine
1196 1615 1355 1661 debito
1386 1615 1613 1677 justitiam
1641 1613 1802 1660 obsera

392 1690 539 1735 vandi
575 1690 833 1738 deficerent
856 1729 867 1751 ,
907 1708 994 1737 nec
1034 1709 1127 1737 suae
1164 1693 1338 1737 militiae
1376 1691 1607 1754 stipendia
1644 1690 1802 1736 debita

392 1766 715 1825 exsolverent,
750 1784 1016 1813 assuescere
1049 1769 1258 1831 primum
1298 1769 1345 1813 in
1379 1768 1538 1827 terris,
1581 1784 1684 1830 quae
1710 1782 1802 1812 suae

393 1841 582 1888 ditionis
623 1854 782 1901 erant,
825 1844 1004 1907 praedas
1029 1861 1193 1906 agere,
1228 1855 1275 1890 et
1307 1862 1418 1891 cum
1447 1844 1634 1889 larvatis
1667 1844 1803 1888 facie-

392 1918 501 1964 bus¹
521 1920 711 1983 publica
735 1921 902 1968 itinera
925 1921 1142 1968 obsidere
1168 1931 1440 1985 coeperunt3
1465 1920 1635 1966 deinde
1665 1920 1803 1965 etiam

394 1996 608 2059 publice,
637 2014 721 2061 per
736 2014 929 2061 magnas
956 1998 1176 2045 cohortes
1210 2009 1255 2044 et
1286 2009 1484 2057 turmas,
1513 2006 1662 2042 totam
1686 2000 1804 2041 Nor-

394 2072 633 2117 manniam
656 2088 946 2134 percursare,
972 2072 1031 2118 ab
1054 2089 1152 2118 uno
1178 2082 1387 2118 extremo
1417 2087 1568 2134 usque
1598 2070 1657 2116 ad
1679 2069 1803 2115 aliud

393 2165 501 2194 cum
537 2150 719 2212 magnis
753 2150 1018 2213 agminibus
1052 2159 1372 2207 transeuntes,
1409 2148 1562 2206 villas,
1602 2147 1802 2210 burgos,

394 2228 677 2273 monasteria
698 2237 742 2272 et
770 2227 1049 2274 caeteraloca
1066 2228 1222 2273 minus
1248 2226 1448 2284 munita,
1477 2225 1603 2272 unde
1629 2224 1806 2288 aliquid

393 2304 619 2366 consequi
650 2313 870 2367 possent,
909 2305 1229 2360 exactionare,
1271 2312 1318 2349 et
1357 2302 1416 2348 ad
1458 2301 1808 2365 redemptiones

398 2395 663 2442 perurgere.
685 2380 828 2436 Quod
852 2398 961 2426 cum
986 2398 1083 2426 uno
1108 2390 1324 2444 tempore
1353 2379 1519 2442 aliquis
1541 2379 1811 2440 capitaneus

394 2454 452 2500 de
478 2457 600 2503 sacto
625 2459 1022 2522 praesumpsisset,
1055 2457 1274 2522 surgebat
1296 2458 1451 2504 statim
1479 2457 1614 2517 alius,
1640 2456 1809 2520 prioris

449 2630 483 2663 1.
507 2630 605 2665 C’est
627 2640 722 2669 cette
742 2633 1000 2672 circonstance
1024 2633 1089 2684 qui
1116 2633 1171 2670 les
1199 2634 1239 2671 fit
1258 2632 1414 2683 appeler
1437 2635 1487 2669 les
1508 2632 1621 2681 saulx
1640 2632 1804 2680 vz'scziges.

394 2689 491 2736 Voy.
510 2691 605 2724 Jeme
625 2691 807 2735 Clanum,
819 2693 913 2730 dans
932 2694 1128 2742 Godefroy
1144 2703 1181 2730 et
1196 2697 1216 2731 J
1220 2706 1357 2743 aeques
1373 2692 1577 2740 Duclercq‚
1592 2693 1806 2733 Mamm-es,

392 2746 420 2785 l.
446 2748 481 2793 I,
507 2746 565 2782 ch.
588 2760 642 2783 νῐ.
