2142 3473
464 332 511 366 10
834 329 1177 365 HISTORIARUM
1206 328 1386 365 CAROLI
1414 331 1482 365 VII

465 407 869 454 Aurelianensium
905 407 964 453 de
1002 408 1123 471 regis
1162 424 1243 454 seu
1281 409 1451 470 reginae
1487 410 1660 473 palatio
1697 411 1869 457 rediret

461 499 570 528 cum
592 481 779 527 duobus
811 491 995 528 tantum
1021 483 1296 542 comitibus,
1333 501 1537 547 quorum
1573 488 1688 533 alter
1718 488 1869 533 lucer—

461 574 572 604 nam
605 567 713 604 ante
749 575 797 604 se
834 558 1040 617 serebat,
1077 577 1162 624 per
1194 561 1413 608 satellites
1449 573 1601 609 certos
1638 565 1703 610 illi
1737 566 1869 628 operi

461 634 743 693 destinatos,
764 644 946 699 patrata
968 635 1073 695 fuit,
1093 653 1257 701 poenas
1279 637 1460 685 debitas
1481 641 1680 703 reposci,
1694 641 1869 703 justitia

463 711 718 771 mediante,
745 712 1079 773 decreverunt,
1097 724 1166 772 ut,
1185 715 1297 776 quia
1319 716 1429 761 satis
1450 716 1722 776 vehemens,
1740 718 1870 780 quod

462 797 628 835 auctor
651 798 697 835 et
724 789 981 836 mandator
1003 790 1129 837 illius
1159 791 1297 838 caedis
1321 792 1415 838 dux
1449 793 1548 856 ipse
1574 796 1871 855 Burgundio—

462 882 580 912 num
609 867 876 921 exstitisset,
896 868 1099 931 suspicio
1125 885 1153 915 a
1171 869 1331 916 multis
1350 869 1633 927 habebatur,
1652 870 1739 916 sibi
1759 888 1871 917 con-

464 942 642 1003 sulens,
684 944 762 990 cui
795 960 878 990 sua
911 946 1198 992 conscientia
1229 962 1326 992 non
1361 947 1525 1008 ignota
1564 956 1686 1005 erat,
1714 947 1873 994 relicta

466 1022 711 1068 Parisiensi
734 1022 874 1082 urbe,
902 1023 962 1069 ad
990 1033 1137 1070 terras
1159 1040 1264 1070 suas
1287 1025 1444 1070 statim
1466 1024 1694 1071 discessit.

528 1101 690 1161 Itaque
716 1116 841 1157 curn,
869 1100 949 1146 tali
973 1100 1256 1147 discessione
1277 1101 1486 1165 elapsus,
1512 1101 1690 1164 laqueis
1718 1101 1871 1164 legum

464 1176 680 1238 distringi
717 1193 816 1222 non
862 1177 995 1223 facile
1030 1188 1209 1242 posset,
1249 1179 1391 1224 armis
1436 1188 1482 1224 et
1517 1180 1727 1242 potentia
1766 1195 1873 1242 pars

464 1267 583 1297 caeso
618 1252 778 1299 favens
817 1263 863 1299 et
903 1271 1069 1300 necem
1104 1254 1232 1300 illam
1265 1255 1426 1301 ulcisci
1461 1256 1678 1318 cupiens,
1718 1256 1871 1319 ipsum

466 1331 858 1393 Burgundionum
889 1330 1060 1377 ducem
1092 1343 1136 1377 et
1167 1342 1312 1379 terras
1350 1349 1456 1378 suas
1492 1333 1681 1395 aggredi
1707 1352 1718 1392 3
1776 1334 1873 1396 ipse

465 1422 576 1452 vero
600 1423 625 1452 e
649 1407 834 1453 diverso
859 1424 959 1454 sese
983 1408 1194 1472 finesque
1218 1427 1328 1455 suos
1358 1410 1498 1456 tutari
1518 1419 1563 1455 et
1583 1409 1875 1456 adversarios

465 1485 754 1548 opprimere,
782 1494 922 1547 atque
954 1502 1119 1531 eorum
1159 1486 1405 1532 conatibus
1437 1486 1685 1545 obsistere,
1713 1486 1876 1531 molie-

463 1560 655 1609 bantur.
682 1564 796 1618 Quae
826 1579 900 1608 res
932 1562 1167 1608 bellorum
1201 1564 1410 1610 civilium
1445 1564 1678 1627 primum,
1702 1562 1875 1608 deinde

463 1638 604 1683 etiam
649 1648 953 1683 externorum
987 1649 1127 1701 atque
1161 1639 1428 1698 hostilium,
1478 1641 1664 1685 initium
1708 1639 1793 1684 fuit
1831 1648 1876 1683 et

465 1715 622 1776 origo;
644 1730 746 1776 quae
766 1731 864 1759 non
885 1716 1031 1760 modo
1049 1726 1202 1761 totum
1228 1733 1424 1778 regnum
1442 1717 1614 1779 ipsum,
1633 1714 1714 1761 sed
1734 1715 1873 1759 etiam

462 1791 639 1836 vicinas
664 1790 966 1853 quamplures
995 1800 1140 1837 terras
1176 1792 1436 1838 innumeris
1460 1808 1592 1855 paene
1616 1800 1662 1836 et
1683 1791 1872 1836 inenar-

464 1866 692 1912 rabilibus
711 1868 932 1912 aerumnis
955 1877 1098 1930 atque
1121 1867 1466 1914 calamitatibus
1489 1867 1870 1930 adimpleverint.

464 1945 586 1989 Cum
635 1943 787 2000 enim,
836 1954 887 1989 ut
932 1945 1267 2007 praemisimus,
1316 1945 1673 1991 disseminatum
1715 1944 1874 1989 fuisset

465 2036 550 2082 per
588 2036 754 2065 omnes
790 2019 885 2065 fere
920 2020 1129 2066 civitates
1162 2030 1207 2065 et
1234 2021 1502 2083 provincias
1545 2020 1703 2082 regni,
1742 2019 1871 2082 quod

465 2106 632 2142 auctor
656 2096 1061 2160 imponendorum
1085 2098 1381 2159 vectigalium
1418 2107 1464 2143 et
1503 2097 1790 2142 tributorum
1827 2096 1873 2140 in

465 2189 611 2235 regno
640 2173 735 2218 dux
761 2172 1170 2219 Aurelianensium
1197 2173 1464 2232 exstitisset,
1492 2173 1588 2218 dux
1611 2189 1724 2218 vero
1756 2175 1875 2217 Bur-

466 2249 766 2313 gundionum
798 2266 852 2295 ea
881 2249 1070 2296 abolere
1103 2259 1244 2311 atque
1267 2249 1326 2295 de
1362 2266 1508 2311 regno
1536 2249 1700 2295 tollere
1724 2257 1771 2294 et
1792 2265 1876 2312 po-

466 2327 604 2391 pulos
642 2327 702 2374 ad
735 2328 979 2390 antiquam
1009 2328 1276 2374 libertatem
1311 2329 1554 2374 restituere
1587 2344 1674 2391 pro
1698 2326 1876 2372 viribus

466 2414 764 2467 procurasset
796 2414 937 2468 atque
967 2405 1231 2464 institisset,
1256 2415 1301 2450 et
1331 2405 1377 2450 in
1419 2404 1733 2460 Normannia,
1759 2412 1803 2449 et
1827 2403 1873 2447 in

467 2483 616 2546 patria
637 2483 901 2543 Occitana¹,
927 2500 1093 2529 omnes
1121 2500 1253 2546 paene
1276 2484 1553 2546 insigniores
1590 2482 1798 2528 civitates
1832 2489 1877 2525 et

469 2558 644 2623 oppida
675 2570 829 2623 partes
853 2560 986 2606 ducis
1010 2561 1404 2622 Burgundionum
1433 2570 1603 2607 secutae
1622 2569 1754 2617 sunt,
1776 2568 1876 2604 tan-

469 2651 614 2698 quam
632 2634 748 2696 ejus,
762 2652 903 2697 quem
922 2637 992 2683 sui
1008 2646 1154 2683 status
1169 2652 1223 2682 ac
1236 2637 1463 2683 libertatis
1475 2645 1874 2700 propugnatorem

528 2802 543 2836 1
558 2828 565 2836 .
596 2801 649 2836 Le
668 2811 760 2849 pays
774 2797 820 2836 de
838 2799 1079 2849 Languedoc.
