2037 3442
708 290 852 326 LIBER
880 290 996 326 SECU
1002 291 1032 325 N
1036 290 1101 326 DU
1108 291 1145 326 S.
1579 290 1600 324 9
1607 293 1626 324 t)

230 376 337 429 Quo
373 374 492 419 facto
531 373 656 435 pacis
692 372 866 419 foedera
908 388 1126 435 percussa
1158 382 1288 428 sunt,
1329 371 1630 417 sacramentis

231 448 412 494 firmata
448 459 492 494 et
524 450 757 495 dictorum
792 449 1052 511 legatorum
1087 448 1361 494 auctoritate
1390 449 1562 493 sancita
1586 457 1629 492 ct

233 525 477 584 roborata,
514 526 766 588 Anglorum
795 526 955 588 legatis
983 526 1082 571 sine
1114 524 1271 586 aliquo
1305 525 1484 582 fructu,
1521 542 1628 570 cum

231 618 313 646 sua
333 612 488 647 vetere
512 602 571 647 ad
596 606 797 648 Francos
820 601 1007 664 querela
1040 611 1180 663 atque
1205 601 1465 655 inimicitia,
1495 600 1630 645 simul

231 687 274 722 et
309 677 420 722 odio
468 677 526 722 ad
575 679 932 738 burgundiones
978 676 1040 721 ob
1089 676 1415 737 hujuscemodi
1457 676 1629 721 foedera

233 755 430 816 graviter
454 771 674 814 accenso,
701 755 760 800 ad
785 754 977 818 propria
1000 752 1321 798 redeuntibus.

294 830 488 876 Habitus
525 841 681 877 autem
718 831 799 876 suit
838 829 1165 892 hujuscemodi
1196 829 1325 892 pacis
1370 839 1630 873 conventus

233 918 545 971 tractatusque
578 907 704 972 apud
733 906 1029 966 Atrebatum,
1060 916 1109 951 ut
1134 905 1465 969 praemisimus,
1503 921 1630 950 anno

231 985 423 1030 Domini
472 1002 783 1040 mccccxxxv„
820 983 1056 1030 mensibus
1094 983 1275 1045 augusti
1322 999 1376 1028 ac
1420 992 1630 1045 septem—

232 1062 369 1107 bris¹.
401 1065 450 1105 ln
482 1078 604 1122 quo,
632 1078 690 1108 ne
723 1062 768 1106 in
804 1061 996 1106 nimiam
1021 1060 1179 1105 effluat
1202 1059 1541 1123 prolixitatem,
1576 1060 1628 1104 li-

231 1138 369 1184 brum
390 1137 679 1196 claudemus,
710 1155 813 1200 quae
830 1137 1029 1183 subinde
1049 1146 1206 1183 secuta
1224 1146 1333 1182 sunt
1357 1136 1416 1182 ab
1444 1136 1632 1182 alterius

234 1214 428 1261 exordio
452 1225 804 1278 prosequentes.

285 1366 322 1399 1.
355 1364 409 1400 Cf.
434 1363 468 1400 le
483 1366 643 1400 Journal
659 1365 705 1400 de
724 1367 865 1413 lapcn'a:
879 1362 1053 1409 d’Arras,
1072 1364 1188 1412 faicte
1204 1376 1248 1398 en
1263 1362 1433 1410 l'abbeqre
1446 1365 1493 1399 de
1504 1366 1632 1401 Saint-

238 1423 366 1468 Vacat,
393 1432 495 1457 entre
522 1424 671 1459 Chat—les
696 1426 772 1459 VJ]
799 1433 834 1459 ec
865 1423 1044 1470 Plzilippe
1065 1424 1097 1457 le
1116 1424 1217 1468 Bon,
1242 1422 1420 1469 recueilly·
1444 1436 1522 1471 par
1541 1422 1629 1459 dom

233 1481 396 1517 Antoine
417 1481 462 1517 de
483 1484 667 1526 Taverne,
698 1486 767 1517 mis
788 1496 830 1517 en
858 1481 1013 1516 lamiam
1032 1489 1069 1516 et
1088 1481 1239 1529 enriclzy
1265 1481 1540 1517 d’amzotations
1558 1496 1634 1529 par

234 1543 328 1576 Jean
344 1539 497 1577 Collart.
520 1543 644 1577 Paris.
664 1544 844 1588 Billaine‚
865 1542 986 1587 16513
1010 1540 1141 1576 ἐπι-12,

670 1984 841 2008 EXPLICIT
869 1982 1054 2007 SECUNDUS
1075 1982 1193 2006 LIBER.
