2037 3442
384 291 430 324 6⁹2
756 288 1089 323 HISTORIARUM
1118 287 1295 322 CAROLI
1324 289 1392 322 VII

447 368 537 413 Sed
553 384 648 412 non
668 384 724 412 eo
747 368 902 411 minus
925 366 1230 411 adventantes
1252 367 1444 426 Anglici,
1472 366 1591 412 duce
1610 384 1773 413 eorum

382 445 552 490 comite
573 443 931 502 Salisberiensi¹,
960 443 1150 504 majoris
1176 459 1228 487 ac
1259 442 1504 506 praecipuae
1527 452 1640 488 tunc
1677 445 1775 505 opi-

381 520 534 565 nionis
558 520 605 563 in
630 518 769 564 rebus
791 518 969 564 bellicis
991 519 1112 563 inter
1137 517 1392 580 Anglorum
1416 517 1586 576 duces,
1615 527 1777 564 contra

380 597 613 641 civitatem
636 605 784 641 castra
806 595 983 653 metati,
1008 595 1224 640 eamdem
1241 594 1487 641 obsidione
1508 596 1772 641 cinxerunt.

382 671 590 718 Habebat
626 671 751 717 idem
790 689 949 718 comes
978 681 1091 717 tunc
1128 671 1462 717 validissimum
1494 674 1772 730 exercitum,

381 767 521 813 quein
560 751 743 796 noviter
779 768 834 795 ex
868 749 1029 811 Anglia
1054 748 1376 812 [adduxerat],
1416 749 1647 812 adjunctis
1688 749 1776 794 sibi

381 827 725 888 contractisque
745 826 892 889 copiis
912 843 964 871 ex
995 825 1225 871 veteribus
1247 825 1445 886 Anglicis
1474 827 1553 888 qui
1582 826 1662 870 diu
1680 826 1777 887 jam

380 904 426 948 in
449 903 594 948 Gallia
616 903 944 948 militaverant.
973 901 1064 947 Sed
1082 919 1189 947 cum
1213 918 1267 946 ex
1291 917 1344 947 ea
1367 910 1550 947 tantum
1573 901 1777 947 fluminis

381 989 511 1041 parte
539 990 676 1042 atque
697 979 821 1042 ripa,
853 979 899 1023 in
924 994 1019 1041 qua
1038 987 1105 1023 est
1125 978 1285 1023 civitas
1305 978 1413 1034 sita,
1449 987 1598 1023 castra
1629 978 1778 1040 posita

382 1065 426 1100 et
449 1055 539 1101 illic
556 1056 714 1119 plures
728 1055 949 1113 bastilias,
973 1056 1116 1100 instar
1134 1054 1431 1099 castellorum
1455 1063 1668 1111 structas,
1692 1054 1779 1117 ipsi

382 1131 518 1193 Angli
541 1132 676 1177 valde
699 1131 1008 1176 munivissent
1024 1167 1036 1188 ,
1066 1131 1188 1176 cives
1205 1146 1316 1175 vero
1338 1129 1396 1175 de
1420 1139 1545 1174 trans
1571 1130 1744 1174 flumen
1764 1164 1775 1185 ‚

380 1209 562 1268 quoties
586 1208 780 1267 vellent,
820 1207 978 1271 copias
1013 1210 1301 1252 Francorum
1325 1206 1526 1251 militum
1558 1206 1678 1250 infra
1701 1222 1778 1250 ur-

381 1284 489 1330 bem
509 1301 641 1331 suam
656 1285 932 1348 reciperent,
958 1294 1002 1329 et
1028 1300 1267 1329 annonam
1288 1283 1540 1344 largissime
1555 1298 1637 1345 per
1659 1298 1779 1344 pon-

383 1372 475 1407 tem
510 1361 864 1407 introducerent
885 1399 895 1421 ,
934 1361 1185 1406 consilium
1226 1360 1310 1405 fuit
1348 1358 1545 1421 Anglicis
1593 1359 1778 1422 copiam

382 1438 672 1500 ingrediendi
710 1437 1076 1500 egrediendique
1103 1454 1187 1500 per
1211 1447 1406 1501 pontem
1428 1435 1605 1481 civibus
1638 1445 1778 1497 atque

381 1515 583 1574 Francis,
611 1515 648 1560 si
671 1524 878 1578 possent,
905 1513 1261 1560 intercludere2.
1289 1512 1496 1574 Aggressi
1520 1512 1658 1573 igitur
1680 1526 1779 1555 ma—

382 1592 482 1653 gnis
506 1592 682 1637 viribus
700 1593 865 1637 turrim
889 1608 1157 1655 expugnare
1184 1590 1700 1650 n1unitissi1nan12,quae
1725 1602 1780 1632 ex

381 1667 467 1712 alia
492 1669 592 1731 ripa
619 1668 825 1713 fluminis
843 1678 1038 1731 pontem
1061 1669 1213 1713 munit
1233 1684 1286 1713 ac
1307 1677 1477 1724 tuetur,
1502 1668 1651 1729 ipsam
1668 1665 1713 1709 vi
1736 1672 1781 1708 et

381 1745 521 1790 armis
540 1782 550 1802 ,
590 1746 715 1790 caesis
755 1745 992 1807 pulsisque
1034 1745 1333 1802 custodibus,
1377 1753 1691 1808 expugnatam
1732 1741 1778 1785 in

382 1838 513 1866 suam
538 1821 817 1882 redegerunt
844 1830 1144 1884 potestatem,
1171 1831 1215 1866 et
1240 1821 1438 1866 militum
1463 1834 1656 1864 suorum
1681 1833 1779 1861 ma-

382 1917 473 1962 gna
495 1900 588 1945 illio
608 1899 819 1964 praesidia
843 1900 1132 1945 locaverunt.

448 1981 554 2034 Quo
584 1979 730 2036 facto,
763 1994 870 2023 cum
901 1978 998 2039 jam
1023 1994 1110 2022 nec
1136 1993 1190 2022 ex
1216 1992 1310 2021 una
1340 1991 1427 2020 nec
1455 1973 1600 2019 altera
1624 1970 1779 2016 flumi-

384 2056 455 2099 nis
487 2055 696 2118 partibus
730 2070 919 2099 annona
950 2053 1023 2098 vel
1057 2053 1148 2098 ulla
1180 2051 1369 2097 vivendi
1402 2049 1563 2095 solatia
1600 2046 1780 2092 civibus

384 2133 713 2193 provenirent,
738 2130 853 2175 urbe
886 2130 1095 2192 undique
1122 2130 1261 2174 armis
1283 2137 1328 2173 et
1351 2127 1510 2172 castris
1532 2122 1781 2169 hostilibus

383 2208 744 2267 circumvallata,
771 2208 992 2254 coarctati
1016 2217 1122 2251 sunt
1145 2222 1240 2250 non
1267 2203 1415 2249 multo
1440 2212 1543 2265 post
1569 2202 1693 2247 cives
1715 2208 1777 2259 et,

384 2287 464 2348 qui
490 2286 580 2331 illic
606 2287 651 2330 in
678 2285 893 2349 praesidio
927 2282 1268 2338 consistebant,
1306 2280 1500 2337 milites,
1528 2277 1782 2323 multarum

439 2472 474 2507 1.
507 2471 560 2506 La
580 2468 811 2505 destruction
830 2467 895 2503 des
914 2465 1118 2516 faubourgs
1137 2463 1241 2501 n'eut
1264 2462 1340 2499 lieu
1359 2460 1536 2511 qu'apres
1553 2459 1589 2497 la
1609 2466 1708 2496 mort
1731 2457 1782 2494 du

387 2536 507 2564 comte
528 2528 575 2564 de
595 2526 803 2576 Salisbury.
823 2526 878 2562 Cf.
906 2527 1066 2562 Journal
1085 2525 1134 2558 (lu
1154 2526 1250 2571 siege
1275 2521 1492 2559 d’Orle'ans.

440 2588 477 2621 2.
508 2588 605 2622 C'est
636 2600 684 2622 au
716 2585 902 2622 contraire
929 2597 998 2634 par
1023 2584 1058 2619 le
1083 2582 1165 2619 cote
1202 2579 1482 2617 ‹l’outre—Loire
1511 2592 1584 2629 que
1615 2578 1650 2614 le
1681 2575 1783 2626 siege

387 2656 618 2691 commenca,
637 2652 674 2680 et
693 2644 757 2681 des
775 2645 808 2681 le
829 2649 1151 2681 commencement
1166 2641 1220 2677 les
1239 2639 1434 2677 Orleanais
1458 2639 1583 2675 furent
1598 2636 1724 2687 prives
1737 2633 1783 2670 de

389 2701 531 2752 l’usage
553 2701 599 2737 de
617 2702 699 2738 leur
722 2711 825 2751 pont.

444 2764 479 2798 3.
511 2763 563 2798 Le
584 2762 656 2797 sort
675 2759 739 2796 des
757 2761 963 2798 Tonrelles.
