2037 3442
731 368 872 403 LIBER
897 367 1118 413 QUINTUS.
1543 365 1616 400 267

236 448 389 492 minus
413 464 614 510 pugnam
650 464 758 492 cum
784 447 917 492 hoste
953 462 1214 491 conserere.
1257 449 1289 490 E
1309 455 1474 491 contra
1508 460 1617 489 vero

235 524 392 568 Franci
426 523 647 585 impavidi
675 532 849 585 petras,
876 522 1139 584 plumbatas
1168 532 1212 567 et
1246 538 1387 566 omne
1417 523 1618 566 telorum

232 607 370 659 atque
391 599 632 643 missilium
653 615 796 659 genus
815 598 860 641 in
883 597 1040 642 hostes
1053 598 1293 658 jacientes,
1320 597 1545 659 plurimos
1564 613 1617 641 ex

230 675 339 736 ipsis
363 676 581 735 Anglicis,
604 685 698 720 tum
724 674 1096 736 serpentinarum
1129 682 1227 718 tum
1266 673 1619 718 colubrinarum

230 748 597 812 balistarumque
626 750 851 812 jactibus,
887 749 1036 796 contis
1066 749 1205 793 etiam
1236 757 1280 793 et
1313 748 1480 802 hastis,
1509 765 1619 810 pro-

230 828 521 885 sternebant,
564 829 846 889 viriliterque
883 826 1089 871 hostium
1130 824 1399 870 violentiam
1435 824 1621 887 propel-

230 905 404 951 lebant.

295 981 416 1026 lnter
439 981 537 1026 baec
560 991 714 1027 autem
732 1017 742 1037 ,
769 980 883 1025 dum
920 979 994 1024 ille
1017 977 1215 1023 insultus
1238 978 1301 1023 ita
1325 976 1447 1022 ultro
1471 977 1621 1022 citro—

232 1075 322 1119 que
346 1068 573 1119 ageretur,
603 1058 852 1122 pluresque
875 1073 930 1102 ex
955 1056 1177 1117 AngliciS,
1206 1065 1252 1101 et
1272 1056 1369 1117 jam
1400 1056 1519 1100 inter
1541 1071 1622 1100 eos

229 1134 430 1180 Thomas
466 1135 541 1180 ille
575 1134 776 1196 signifer,
815 1132 1118 1189 cecidissent,
1146 1132 1368 1194 contigit,
1404 1147 1501 1176 non
1527 1130 1620 1175 fato

231 1209 445 1270 quidem,
486 1216 567 1255 sed
602 1210 758 1255 divina
796 1209 854 1253 ita
892 1208 1170 1270 disponente
1209 1206 1530 1270 providentia,
1573 1216 1623 1251 ut

224 1285 348 1345 jactu
384 1286 660 1347 serpentinae
683 1301 760 1330 seu
789 1283 1068 1343 colubrinae,
1099 1285 1353 1345 Anglorum
1386 1283 1480 1328 dux
1506 1298 1621 1345 prae·

233 1359 349 1404 fatus
375 1359 597 1405 dominus
620 1361 678 1406 de
702 1360 888 1405 Talebot
914 1361 960 1404 in
982 1376 1117 1405 crure
1143 1376 1225 1405 seu
1252 1359 1364 1405 tibia
1390 1359 1619 1404 feriretur.
1643 1388 1647 1393 -

230 1438 347 1480 Cum
372 1453 484 1481 vero
504 1437 565 1483 ita
590 1438 706 1483 ictus
729 1448 863 1495 esset,
890 1446 935 1482 et
950 1436 1017 1493 hi,
1035 1437 1115 1498 qui
1140 1436 1199 1481 ad
1223 1434 1533 1498 expugnanda
1553 1452 1624 1480 ca-

230 1521 321 1557 stra
347 1528 394 1557 se
415 1513 737 1571 admoverant,
758 1513 930 1577 repulsi
956 1530 982 1559 a
1005 1514 1190 1558 Francis
1215 1522 1260 1558 et
1278 1513 1499 1575 paulatim
1522 1512 1624 1557 caesi

232 1589 445 1645 fuissent,
467 1591 545 1651 qui
567 1600 859 1653 supererant,
885 1605 993 1650 erga
1019 1589 1187 1634 ducem
1205 1605 1343 1633 suum
1360 1587 1619 1650 praefatum‚

231 1680 370 1725 quem
394 1666 604 1710 saucium
629 1665 904 1722 audiebant,
935 1665 1059 1709 velut
1092 1664 1274 1709 attoniti
1305 1673 1349 1707 et
1378 1664 1425 1707 in
1462 1673 1624 1724 stupo-

230 1756 328 1785 rem
360 1741 478 1800 acti,
505 1757 602 1787 sese
622 1740 924 1801 collegerunt.
947 1740 1087 1797 Quod
1112 1741 1344 1785 intuentes
1368 1738 1559 1797 Franci,
1583 1747 1628 1782 et

232 1818 330 1862 sine
356 1818 521 1863 ordine
546 1828 589 1863 et
615 1818 921 1880 dispositione
945 1818 1070 1880 ipsos
1096 1816 1308 1878 Anglicos
1332 1815 1459 1860 velut
1481 1825 1628 1860 exter-

235 1896 366 1949 ritos,
396 1894 496 1938 licet
526 1895 789 1955 ignorarent
820 1893 894 1938 cui
924 1909 976 1938 ex
1015 1893 1124 1955 ipsis
1152 1892 1404 1952 Anglorum
1429 1891 1628 1937 ducibus

233 1980 425 2015 eventus
461 1971 642 2015 sinister
676 1970 965 2032 provenisset
986 2006 996 2025 ,
1036 1986 1143 2014 cum
1182 1984 1350 2029 magno
1390 1977 1433 2012 et
1473 1967 1626 2013 valido

233 2046 408 2108 impetu
428 2063 452 2090 e
473 2046 632 2090 castris
651 2055 904 2108 eruperunt
922 2082 932 2103 ,
954 2055 999 2090 et
1020 2044 1078 2090 ad
1097 2045 1252 2089 locum
1270 2043 1400 2088 illum
1421 2059 1627 2106 propero

232 2139 372 2167 cursu
397 2121 667 2165 advolantes
685 2157 695 2176 ,
724 2122 770 2165 in
800 2138 895 2182 quo
922 2122 1018 2183 ipse
1043 2121 1136 2165 dux
1162 2120 1309 2165 stabat
1333 2120 1625 2177 vulneratus,

233 2199 385 2260 ipsum
408 2208 547 2258 atque
573 2213 721 2241 uuum
745 2197 842 2258 ejus
863 2196 1009 2241 filium
1028 2199 1037 2219 ¹
1057 2214 1166 2242 cum
1192 2196 1405 2259 pluribus
1422 2195 1522 2241 aliis
1542 2213 1628 2241 no-

231 2273 403 2319 bilibus
422 2273 711 2318 occiderunt.
735 2271 958 2317 poscebat
976 2272 1100 2317 idem
1123 2273 1344 2318 dominus
1362 2271 1420 2316 de
1446 2271 1631 2317 Talehot

232 2351 369 2394 vitam
396 2348 482 2394 sibi
507 2348 680 2394 salvam
704 2348 897 2407 dimitti,
919 2348 1119 2394 offerens
1140 2364 1363 2409 magnum
1386 2349 1484 2393 auri
1509 2365 1630 2411 pon-

231 2425 319 2470 dus
342 2425 523 2487 aliaque
559 2425 784 2487 plurima,
812 2426 846 2469 si
872 2425 965 2470 vita
993 2425 1080 2470 sibi
1103 2435 1380 2470 servaretur.
1408 2425 1499 2470 Sed
1522 2442 1629 2471 cum

232 2502 402 2564 ipsein
438 2517 603 2546 manus
638 2500 849 2562 peditum
886 2501 1228 2562 sagittariorum
1265 2501 1526 2561 incidisset,
1567 2501 1629 2547 ob

231 2578 553 2623 crudelitatem
599 2594 742 2640 quam
784 2576 965 2640 pridem
1003 2578 1049 2622 in
1100 2578 1253 2623 socios
1291 2594 1400 2623 suos
1434 2579 1600 2625 Fecerat
1616 2617 1627 2637 ,

233 2655 389 2700 multis
412 2672 519 2700 eum
544 2654 796 2699 laceratum
819 2653 1094 2699 vulneribus
1117 2655 1434 2701 confoderunt
1451 2655 1630 2719 absque

285 2808 321 2843 4.
353 2805 382 2840 Il
407 2804 545 2854 portait
564 2804 598 2840 le
619 2804 703 2840 titre
720 2803 767 2840 de
782 2802 864 2839 lord
884 2803 995 2841 Lisle.
