2037 3442
732 278 873 312 LIBER
901 278 1115 314 TERTIUS.
1546 279 1620 315 1:25

223 357 407 419 migeris
433 359 634 403 Francia?
656 369 966 405 servarentur.
997 363 1139 406 Erant
1160 361 1335 424 quippe
1358 361 1458 406 sine
1492 371 1620 407 certo

224 450 420 479 nurnero
438 444 482 479 et
506 435 603 479 sine
626 436 857 498 stipendio
885 436 1057 499 ubique
1080 446 1297 498 vagantes
1317 454 1401 500 per
1426 454 1620 499 regnum

223 520 512 556 armatorum
549 520 737 571 turmae,
774 514 853 575 qui
881 513 943 558 ob
968 514 1278 559 immanitates
1314 514 1541 559 scelerum
1577 525 1622 560 et

222 586 538 641 crudelitates,
568 604 684 649 quas
714 589 758 633 in
784 599 973 635 suaemet
996 590 1153 652 patriae
1177 599 1222 634 et
1245 591 1444 635 nationis
1470 608 1621 653 popu-

221 662 290 707 los
324 663 623 723 exercebant,
654 664 828 726 absque
855 665 947 711 ulla
979 666 1277 711 miseratione
1303 665 1514 711 laniones
1539 684 1618 713 seu

219 742 542 785 scorticatores
558 744 589 799 ¹,
608 741 739 802 juxta
754 742 877 803 vulgi
896 743 1206 799 locutionem,
1228 740 1586 804 appellabantur
1604 762 1615 801 3

224 817 383 862 omnia
407 818 533 862 enim
557 835 715 863 revera
742 818 1055 876 dilaniabant,
1087 819 1340 864 domorum
1365 828 1482 863 tecta
1507 835 1620 863 eon—

222 894 444 939 vellentes
469 912 550 939 seu
574 894 791 954 fustibus,
819 904 1040 957 tanquam
1068 895 1275 956 flagellis,
1303 903 1614 941 conterentes.

224 971 393 1016 Excisis
410 971 534 1016 enim
553 971 805 1016 domorum
829 971 1039 1034 postibus
1057 988 1136 1016 seu
1157 971 1387 1016 columnis
1406 1007 1416 1029 ,
1438 981 1505 1027 et,
1532 973 1619 1016 nisi

223 1064 308 1109 pro
342 1063 506 1092 eorum
530 1047 770 1093 voluntate
802 1064 827 1092 a
864 1047 1068 1092 dominis
1097 1064 1300 1108 quorum
1321 1048 1444 1108 juris
1468 1058 1621 1093 essent

223 1123 580 1181 redimerentur,
608 1141 683 1169 eas
705 1124 761 1169 ad
786 1123 937 1169 solum
956 1123 1228 1182 diruebant,
1256 1124 1386 1168 omni
1410 1123 1622 1169 substau-

223 1200 284 1245 tia
309 1216 536 1262 pauperes
572 1211 711 1263 atque
745 1200 1005 1264 supplices,
1033 1201 1112 1262 qui
1145 1217 1195 1245 se
1227 1201 1368 1245 armis
1403 1200 1622 1247 adversus

222 1291 388 1319 eorum
410 1277 629 1322 saevitiam
656 1277 770 1322 tueri
791 1277 982 1321 minime
1003 1278 1294 1339 potuissent,
1322 1277 1552 1323 nudantes
1579 1289 1623 1323 et

222 1352 363 1396 veluti
387 1352 506 1415 pelle
541 1356 737 1398 omnino
762 1353 1042 1416 spoliantes:
1071 1363 1265 1416 propter
1285 1354 1414 1415 quod
1434 1371 1622 1417 prome-

222 1438 418 1472 ruerunt
446 1428 675 1474 famosum
697 1429 811 1474 illud
841 1430 1209 1474 Seortieatorum
1241 1446 1321 1475 seu
1351 1431 1624 1475 Excoriato-

223 1520 352 1562 rum,
381 1503 452 1548 vel
475 1505 745 1560 lanionum,
775 1521 952 1549 nomen
976 1520 1030 1549 ae
1053 1504 1256 1550 titulum.

674 1685 707 1726 C
717 1683 1007 1726 APITULUM
1047 1684 1162 1726 vlu.

256 1804 304 1835 De
324 1800 507 1835 obsidione
524 1801 636 1847 posita
653 1800 697 1833 ad
714 1800 883 1846 oppidum
901 1800 1024 1834 Calesii
1040 1814 1102 1847 per
1120 1800 1245 1834 ducem
1263 1802 1473 1848 Burgundiae
1501 1815 1580 1837 cuin

545 1861 612 1893 suis
630 1860 815 1905 Flamingis
829 1887 836 1901 ,
856 1868 888 1892 et
905 1859 1083 1905 quomodo
1100 1861 1209 1893 levata
1226 1861 1302 1893 fuit.

289 1972 741 2018 Praetermittendum
770 1981 926 2017 autem
956 1972 1002 2017 in
1038 1971 1177 2034 hujus
1207 1973 1487 2018 narrationis
1518 1990 1626 2019 nos-

223 2059 301 2095 trae
339 2050 456 2095 serie
495 2066 578 2094 seu
616 2049 798 2094 silentio
835 2049 1210 2111 praetereundum
1249 2050 1443 2095 minime
1474 2051 1624 2096 visum

278 2215 313 2248 1.
337 2214 407 2248 Les
417 2203 919 2260 Ecorcheurs,compagnies
932 2210 1103 2249 franches
1114 2211 1178 2261 qui
1192 2221 1426 2262 apparurent
1442 2225 1489 2248 en
1508 2215 1626 2261 1435,

223 2271 355 2308 s'etant
370 2270 530 2306 fot‘niees
552 2269 617 2306 des
631 2269 828 2320 garnisons
846 2268 892 2306 de
909 2270 943 2307 la
963 2270 1205 2322 Champagne
1226 2271 1423 2308 liceneie'es
1439 2284 1487 2307 au
1508 2279 1628 2322 temps

222 2331 273 2367 du
304 2330 411 2366 traite
433 2330 603 2374 d‘Arras,
629 2347 644 2362 «
669 2329 847 2378 lesqt1e12‚
879 2329 932 2366 dit
952 2333 1045 2367 Jean
1072 2330 1258 2375 Chartier‚
1292 2330 1629 2381 endommagerent

223 2389 471 2440 grandement
490 2389 525 2424 le
544 2392 625 2438 pais
642 2404 651 2434 ;
673 2397 709 2425 et
727 2391 791 2437 n’y
808 2388 909 2425 avoit
930 2389 1100 2426 hommes
1120 2390 1276 2426 femmes
1298 2398 1335 2427 et
1365 2391 1495 2427 enfans
1515 2389 1628 2439 qu’ilz

221 2461 269 2484 ne
289 2448 577 2498 despoillassent
594 2449 750 2497 jusqucs
772 2450 791 2484 a
810 2448 845 2484 la
865 2448 1044 2494 chemise,
1059 2450 1151 2486 mais
1164 2450 1279 2499 qu'ilz
1303 2450 1356 2487 les
1378 2458 1532 2499 pussent
1545 2463 1628 2486 ren-

221 2516 373 2543 contrer
393 2510 411 2543 {1
427 2508 510 2544 leur
529 2507 762 2558 advantage,
785 2515 821 2543 et
836 2516 954 2556 quant
977 2509 1023 2544 ilz
1043 2508 1195 2545 avoient
1214 2517 1295 2545 tout
1311 2509 1430 2559 pium,
1453 2509 1500 2544 ilz
1521 2522 1630 2546 raen-

221 2566 421 2619 (jonnaient
444 2567 498 2603 les
519 2566 704 2617 villaiges.
740 2569 786 2602 Et
810 2567 969 2603 estoient
988 2568 1089 2605 leurs
1109 2568 1341 2618 cappitaines
1374 2581 1452 2619 ung
1478 2569 1631 2605 nomme

221 2624 443 2662 Chabanness
463 2634 499 2662 et
518 2625 617 2661 deux
638 2625 807 2662 bastards
829 2625 875 2661 de
894 2626 1072 2663 Bourbon
1091 2642 1100 2673 3
1122 2634 1158 2663 et
1179 2626 1230 2663 les
1247 2626 1501 2662 nommoit-on
1522 2639 1630 2662 com—

222 2684 443 2720 munement
466 2687 516 2719 les
535 2686 790 2722 Emvrclzrttrs.
819 2701 834 2715 n
865 2687 967 2721 Dans
991 2685 1199 2733 Godefroy,
1222 2699 1259 2735 p.
1284 2686 1347 2722 86.
1371 2685 1462 2722 Voir
1480 2686 1580 2722 aussi
1597 2686 1632 2723 le

221 2745 381 2779 Journal
396 2743 485 2779 (l'mz
506 2743 689 2792 bourgeoc's
703 2746 748 2779 (le
770 2746 896 2789 Paris,
924 2746 944 2780 ἐι
965 2744 1038 2780 l’an
1063 2746 1179 2781 1439.
