2037 3442
398 289 472 324 120
785 286 1122 323 HISTORIARUM
1150 284 1327 319 CAROLI
1355 286 1424 320 VII

399 366 556 410 seratis
572 401 582 421 ‚
606 364 720 409 nihil
748 364 807 409 ad
832 364 959 409 illam
979 363 1145 409 urbem
1166 380 1218 408 ex
1242 364 1449 409 inferiori
1475 372 1602 425 parte
1622 380 1790 425 prove-

398 442 497 486 nire
519 449 719 503 poterat.
748 443 816 484 Ex
842 440 1083 502 superiore
1106 449 1262 485 autem
1286 439 1498 500 regione,
1520 455 1627 484 cum
1653 441 1790 485 etiam

399 521 614 581 Sequana
636 527 828 580 propter
844 517 1100 563 Meldinum
1132 527 1176 562 et
1199 517 1287 562 alia
1303 516 1478 579 oppida
1492 554 1502 572 ‚
1524 526 1567 561 et
1586 518 1792 562 Materna

397 605 592 658 propter
633 594 951 650 Latiniacum,
980 594 1125 639 clausi
1157 603 1333 651 essent,
1365 592 1462 638 fieri
1492 610 1586 638 non
1611 604 1793 656 poterat

399 672 512 733 quin
544 671 666 717 same
690 681 832 733 atque
857 671 1072 716 omnium
1104 686 1260 715 rerum
1292 670 1451 732 inopia
1476 670 1794 715 miserabiliter

398 749 726 795 conficeretur.
760 751 876 794 Cum
906 749 1044 811 igitur
1067 748 1122 793 ad
1149 758 1327 793 tantam
1352 747 1462 792 urbs
1486 747 1583 809 ipsa
1610 747 1794 791 calami-

400 835 542 872 tatem
566 826 767 872 adducta
790 825 1009 871 venando
1037 825 1220 883 fuisset,
1245 841 1347 886 quae
1371 824 1547 884 majore
1580 839 1636 867 ex
1668 832 1796 884 parte

400 920 593 948 suorum
612 903 946 948 numerositate
969 903 1169 959 civium,
1199 918 1292 963 qua
1317 917 1411 945 una
1435 917 1483 945 re
1501 900 1675 945 caeteris
1699 915 1798 944 om-

401 979 539 1025 nibus
558 980 750 1025 urbibus
777 979 1044 1025 Occidentis
1069 978 1322 1041 aliquando
1345 975 1682 1041 praecelluerat‚
1712 993 1798 1020 nu-

402 1056 510 1103 data
534 1067 652 1115 erat,
690 1067 740 1102 ut
776 1072 916 1119 supra
943 1055 1166 1113 diximus,
1195 1071 1281 1100 nec
1316 1054 1460 1099 ullum
1477 1054 1575 1115 jam
1599 1053 1800 1115 reperire

403 1134 537 1180 sciret
582 1134 806 1194 effugium
843 1133 1096 1195 quominus
1131 1131 1191 1177 ad
1229 1140 1505 1176 venatorum
1531 1131 1644 1174 retia
1672 1128 1800 1174 labe-

402 1220 530 1255 retur
549 1247 559 1267 ,
606 1210 912 1255 nihilominus
967 1219 1120 1254 tamen
1168 1207 1322 1253 adhuc
1363 1207 1515 1253 eidem
1556 1206 1802 1252 subvenire

403 1286 560 1331 conati
582 1295 692 1331 sunt
711 1286 860 1346 Angli.
883 1288 998 1330 Nam
1015 1286 1122 1330 illuc
1146 1301 1200 1330 ex
1218 1283 1378 1346 Anglia
1398 1283 1611 1328 militiam
1628 1298 1802 1327 novam

402 1362 701 1420 invexerunt,
729 1362 909 1407 circiter
933 1361 991 1406 ad
1014 1361 1109 1406 duo
1133 1361 1276 1406 millia
1300 1360 1537 1423 equitum;
1563 1360 1641 1422 qui
1657 1395 1670 1414 ,
1695 1375 1803 1403 cum

403 1439 614 1500 quodam
634 1439 709 1484 die
730 1439 918 1484 obviam
939 1439 1126 1484 Francis
1143 1439 1358 1498 ivissent?
1388 1438 1467 1500 qui
1484 1437 1542 1482 de
1566 1436 1805 1481 Pontisara

405 1525 450 1561 et
485 1516 583 1561 aliis
619 1516 960 1561 munitionibus
992 1533 1101 1561 cum
1132 1532 1302 1577 magno
1338 1516 1523 1577 agmine
1565 1514 1685 1558 circa
1717 1521 1807 1556 ter—

409 1594 562 1637 minos
598 1593 990 1654 Sancti—Dionysii
1025 1593 1364 1650 adventarant,
1396 1591 1662 1637 habuerunt
1700 1604 1807 1633 cum

409 1668 586 1713 eisdem
632 1670 818 1715 Francis
860 1669 995 1714 valde
1030 1669 1262 1714 infelicem
1297 1685 1599 1730 congressum
1619 1669 1656 1725 ¹3
1697 1682 1807 1711 nam

411 1762 541 1808 paene
566 1762 729 1791 omnes
755 1747 825 1791 vel
849 1746 950 1790 caesi
984 1746 1055 1790 vel
1081 1747 1202 1808 capti
1228 1747 1370 1791 suere.
1408 1749 1508 1791 Hoc
1533 1754 1687 1790 autem
1710 1760 1806 1788 non

411 1822 603 1868 fortuito
626 1833 706 1868 aut
722 1822 965 1869 casualiter
982 1823 1042 1867 ita
1065 1823 1311 1883 contigisse
1332 1823 1562 1867 creditum
1583 1831 1675 1878 est;
1698 1837 1808 1866 nam

414 1916 470 1945 ex
504 1899 681 1945 civibus
720 1899 1052 1944 parisiensibus
1089 1916 1184 1944 non
1228 1900 1392 1960 exigua
1425 1898 1676 1944 multitudo
1711 1898 1808 1958 jam

420 1992 527 2020 cum
554 1979 840 2021 Francorum
865 1975 1063 2021 ducibus
1086 1975 1144 2021 de
1170 1975 1294 2020 urbis
1329 1975 1568 2020 deditione
1600 1974 1811 2018 facienda

417 2054 537 2099 clam
569 2062 611 2098 et
645 2063 823 2098 secreto
856 2062 1162 2110 convenerat,
1199 2052 1468 2097 auctoribus
1506 2050 1730 2095 Miclssaele
1758 2050 1813 2094 (le

419 2132 569 2176 Lalz'er
606 2142 650 2176 et
687 2131 938 2176 Guillelmo
963 2132 1225 2194 S(172g111'11,²‚
1264 2130 1343 2192 qui
1380 2130 1498 2173 inter
1533 2129 1648 2174 alios
1691 2129 1812 2173 cives

419 2218 464 2253 et
487 2208 815 2271 locupletiores
845 2218 890 2253 et
923 2207 1195 2252 famosiores
1219 2217 1317 2251 tum
1342 2205 1653 2251 habebantur.
1679 2204 1812 2250 Unde

420 2285 479 2330 ad
512 2284 830 2348 recipiendam
854 2284 1126 2345 hujusmodi
1159 2284 1448 2329 deditionem
1471 2282 1605 2345 (cum
1631 2297 1814 2344 semper

419 2363 465 2406 in
507 2361 621 2408 urbe
657 2378 825 2424 magna
859 2363 1059 2408 solerent
1091 2379 1188 2408 esse
1226 2361 1481 2424 Anglorum
1504 2358 1741 2423 praesidia,
1770 2369 1814 2405 et

473 2525 508 2559 1.
541 2526 591 2559 Le
611 2523 796 2560 vendredi
816 2524 913 2560 saint
932 2526 953 2559 6
972 2523 1066 2560 avril
1091 2525 1206 2560 1436.

470 2584 507 2618 2.
539 2582 675 2618 Michel
712 2582 852 2620 Lallier
878 2592 914 2619 et
945 2583 1161 2619 Guillaume
1190 2580 1357 2632 Sanguin
1389 2580 1527 2617 etaient
1555 2580 1731 2617 echcx‘ins
1768 2578 1813 2616 de

419 2639 538 2676 Paris.
561 2643 652 2676 =lean
672 2641 843 2678 Chartier
861 2655 909 2678 ne
928 2654 1081 2678 nomme
1099 2654 1165 2690 pas
1189 2639 1354 2689 Sanguin
1371 2669 1379 2685 ,
1405 2640 1497 2676 mais
1517 2643 1610 2676 Jean
1638 2639 1813 2676 Delafon-

419 2699 521 2736 taine
549 2706 584 2734 et
605 2699 731 2735 Pierre
764 2700 810 2736 de
830 2704 1017 2751 langres,
1041 2702 1061 2736 a
1084 2700 1149 2749 qui
1167 2713 1215 2737 ne
1237 2699 1427 2735 tarderent
1454 2712 1520 2748 pas
1541 2699 1587 2735 de
1607 2712 1646 2736 se
1664 2697 1814 2745 joindre

420 2758 580 2795 Thomas
596 2756 756 2807 Pigaclie
773 2787 781 2799 ,
803 2758 950 2795 Νἰςοῖεις.
974 2759 1020 2795 de
1035 2759 1219 2795 Louviers
1238 2766 1274 2793 et
1292 2761 1451 2806 Jarques
1473 2757 1519 2794 ‹le
1538 2758 1729 2807 Bergeres,
