2037 3442
714 314 857 349 LIBER
885 314 1113 360 QUINTUS.
1540 316 1614 351 309

214 394 303 440 diri
322 395 569 451 valentem,
586 396 859 441 irruerunt¹.
883 397 1012 452 Quos
1031 411 1115 458 per
1130 395 1361 441 montium
1380 395 1617 442 anfractus

213 480 258 516 et
276 472 580 534 scopulorum
601 471 855 533 abditaque
871 481 917 517 et
935 472 1122 517 Francis
1137 472 1295 533 ignota
1313 472 1612 530 diverticula,

213 547 300 593 sibi
325 564 435 593 vero
462 564 559 593 non
585 548 822 610 incognita
854 563 1009 609 neque
1032 548 1234 606 insueta,
1264 549 1538 595 invadentes
1563 566 1617 595 ac

212 633 572 687 persequentes,
600 625 771 686 partim
795 640 962 681 caesos,
985 624 1158 686 partim
1186 624 1314 668 fusos
1340 625 1616 688 fugatosque

212 701 343 747 facile
388 710 433 747 et
478 700 655 762 absque
696 716 869 762 magno
920 699 1109 761 negotio
1154 710 1453 758 superarunt.
1498 705 1617 747 Cum

211 788 370 826 autem
394 778 621 840 fugientes
644 776 705 823 ad
725 777 871 835 littus,
899 775 981 821 ubi
1004 775 1228 823 videbant
1250 776 1418 838 galleas
1442 793 1617 840 repau-

211 871 330 914 sare,
354 855 521 902 salvari
545 871 593 900 se
615 868 752 917 posse
776 852 1111 911 existimarent,
1132 862 1179 898 et
1202 853 1372 915 galleas
1390 869 1618 900 conscen-

211 930 350 992 dere,
379 930 579 977 vitandae
603 930 731 976 necis
757 945 922 989 causa,
955 939 1235 992 satagerent,
1262 929 1322 976 ab
1351 929 1424 975 his
1454 931 1536 994 qui
1567 931 1616 977 in

212 1008 368 1070 galleis
392 1017 524 1054 erant
546 1006 941 1071 prohibebantur,
963 1006 1235 1053 verentibus
1258 1023 1318 1053 ne
1337 1008 1483 1053 nimia
1503 1008 1620 1056 mul-

212 1083 363 1129 titudo
390 1084 455 1130 eis
478 1084 770 1146 naufragium
790 1083 863 1128 vel
889 1082 1170 1146 perditionis
1195 1099 1334 1129 causa
1359 1084 1615 1130 exsisteret.

214 1161 349 1206 Unde
371 1171 415 1206 et
439 1160 696 1220 nonnullis,
725 1176 887 1224 repere
910 1160 1033 1206 intra
1056 1159 1225 1223 galleas
1247 1161 1370 1224 ipsas
1399 1161 1621 1206 enitenti-

210 1237 314 1296 bus,
336 1254 503 1283 manus
521 1247 566 1284 et
583 1237 775 1284 brachia
792 1238 929 1283 fuisse
947 1236 1152 1284 abscissa
1169 1237 1454 1284 ferebantur.
1476 1238 1620 1294 Quod

209 1314 376 1378 procul
408 1314 556 1360 dubio
591 1314 853 1361 miserabile
888 1323 986 1360 erat
1019 1314 1217 1374 intueri,
1244 1330 1354 1360 cum
1387 1331 1620 1378 pauperes

209 1391 407 1453 fugitivi,
427 1392 755 1439 imminentem
774 1409 802 1438 a
821 1401 950 1454 tergo
969 1391 1159 1437 hostem
1178 1391 1325 1437 vitare
1349 1392 1616 1454 gestientes,

210 1468 391 1528 socios,
418 1468 479 1515 ad
504 1485 624 1532 quos
650 1468 982 1530 confugerant,
1010 1468 1225 1514 saeviores
1246 1468 1465 1514 hostibus
1494 1485 1622 1515 com-

210 1545 434 1592 munibus
458 1547 668 1610 utrisque
692 1545 1032 1610 experirentur.

275 1625 424 1669 Porro
456 1623 537 1669 tali
559 1623 692 1669 clade
721 1632 766 1669 et
790 1622 1046 1669 miserabili
1069 1622 1358 1669 contritione
1390 1625 1622 1669 terrestris

210 1701 436 1746 exercitus
472 1709 745 1763 prospecta,
786 1700 885 1763 ipse
919 1716 1000 1745 rex
1034 1702 1262 1759 RenatuS‚
1301 1699 1496 1745 minime
1534 1717 1620 1746 suo

210 1778 356 1823 milite
380 1778 428 1823 in
454 1787 628 1824 terram
653 1777 892 1840 expositO,
926 1775 1029 1822 vela
1057 1776 1258 1834 faciens,
1292 1775 1420 1821 unde
1443 1776 1621 1823 adven·

211 1863 328 1900 tarat
364 1854 501 1901 rediit
530 1854 773 1917 inglorius.
812 1857 913 1898 Vox
943 1853 1119 1917 quippe
1153 1854 1420 1899 communis
1451 1853 1621 1917 vulga-

210 1940 349 1992 taque
373 1930 431 1976 de
455 1931 558 1994 ipso
588 1930 715 1994 apud
740 1947 906 1977 omnes
936 1930 1060 1977 fama
1090 1929 1204 1989 fuit,
1233 1930 1395 1993 quod,
1423 1931 1508 1977 etsi
1532 1930 1621 1977 bo-

211 2025 299 2054 nus
323 2017 369 2053 et
400 2008 448 2052 in
470 2008 733 2054 interventu
759 2018 976 2054 strenuus
1000 2006 1134 2053 miles
1159 2007 1423 2066 exsisteret,
1454 2008 1502 2053 in
1528 2007 1623 2053 bel-

211 2085 312 2131 licis
335 2095 492 2131 tamen
516 2085 919 2149 expeditionibus,
954 2101 1159 2149 quarum
1188 2084 1413 2131 ducatum
1447 2085 1616 2147 gessit,
1656 2146 1659 2147 V

212 2162 467 2208 infaustum
491 2178 675 2224 semper
699 2161 1028 2225 infelicemque
1052 2162 1227 2208 exitum
1253 2162 1445 2207 sortitus
1479 2171 1615 2207 esset.
1658 2150 1660 2153 V

213 2242 331 2285 Nam
364 2248 410 2284 et
442 2247 609 2301 praeter
636 2237 819 2284 cladem
839 2273 850 2294 ‚
879 2255 1024 2301 quam
1059 2239 1309 2285 incurrisse
1343 2255 1453 2284 eum
1479 2254 1621 2302 supra

213 2316 516 2361 meminimus
537 2352 548 2373 ,
589 2331 697 2360 cum
733 2314 780 2359 in
819 2314 1149 2377 Lotharingia,
1190 2325 1358 2361 contra
1401 2318 1621 2378 Burgun-

213 2393 380 2439 diones
422 2391 626 2438 infausto
678 2399 826 2436 marte
859 2390 1089 2438 dimicans
1111 2427 1124 2449 ,
1163 2392 1314 2438 victus
1361 2401 1622 2455 captusque

214 2469 365 2514 fuerat
384 2504 396 2527 ‚
422 2468 563 2514 etiam
592 2465 900 2531 postmodum
928 2466 987 2513 de
1018 2483 1164 2530 regno
1200 2466 1508 2531 Neapolitano
1540 2484 1621 2513 seu

214 2548 379 2594 Siciliae
397 2582 408 2604 ,
439 2545 565 2609 quod
591 2546 705 2591 citra
727 2545 929 2591 Pharum
955 2545 1189 2607 integrum
1211 2543 1508 2608 possidebat,
1538 2561 1622 2608 per

217 2625 528 2690 Alphonsum,
545 2640 702 2686 regem
727 2625 1013 2685 Aragonum,
1045 2640 1156 2669 cum
1179 2623 1288 2670 satis
1311 2639 1454 2688 parva
1478 2638 1622 2668 manu

274 2773 307 2809 1.
340 2772 391 2809 Le
412 2770 459 2807 17
476 2767 601 2817 juillet
623 2769 740 2806 1461.
