2037 3442
391 338 405 372 ‹1
418 340 464 374 56
766 337 1104 373 HISTORIARUM
1132 338 1309 373 CAROLI
1336 339 1405 373 VlI

393 420 551 465 tritum
571 417 817 462 communi
841 432 1059 461 sermone
1088 416 1217 461 velut
1246 415 1550 479 proverbium
1577 434 1660 480 per
1682 420 1785 465 Gal—

392 495 500 539 liam
536 502 665 549 erat,
703 491 908 536 infelices
943 491 1130 553 nuptias
1165 501 1209 536 et
1248 492 1474 538 infaustos
1518 493 1787 555 hymenaeos

389 569 515 633 apud
563 585 760 630 regnum
816 567 987 629 Angliae
1029 567 1145 613 filias
1190 570 1391 614 Franciae
1434 587 1564 632 paene
1604 588 1788 634 semper

391 646 527 691 fuisse
569 655 808 708 expertas,
859 643 1123 706 exindeque
1171 661 1316 706 regno
1352 647 1553 691 Franciae
1599 664 1788 709 magnas

392 722 667 784 provenisse
693 720 1005 780 calamitates,
1034 737 1142 765 cum
1158 758 1169 780 ⁷
1192 721 1523 784 hujuscemodi
1547 724 1786 784 conjugio-

391 816 498 844 rum
521 808 743 861 praetextu
761 833 771 856 ,
787 797 847 843 ad
866 797 1116 860 imperium
1131 798 1384 844 Galliarum
1407 801 1789 862 Francorumque

397 892 594 937 regnum
615 876 690 937 jus
718 892 765 921 se
789 874 961 920 habere
991 891 1121 936 reges
1144 875 1314 937 Angliae
1348 875 1706 938 praetenderint7
1747 885 1791 921 et

393 952 549 998 adhuc
572 952 630 997 de
653 952 745 997 hoc
768 969 877 997 cum
897 954 1086 996 Francis
1110 951 1416 997 contendant.
1445 954 1792 1014 Cognoscentes

392 1046 506 1074 vero
535 1031 783 1086 Renatum,
811 1029 975 1074 Siciliae
1008 1046 1163 1090 regem
1182 1067 1193 1089 ,
1217 1029 1453 1074 sororium
1472 1029 1627 1074 Caroli
1650 1032 1792 1075 Fran-

393 1123 559 1151 corum
578 1106 695 1167 regis
720 1106 886 1169 (ipsius
909 1105 1035 1151 enim
1058 1122 1268 1151 sororem
1291 1106 1416 1151 idem
1441 1106 1633 1151 Carolus
1653 1105 1793 1151 habe-

394 1182 477 1229 bat
502 1189 718 1236 uxorem)
739 1219 749 1240 ‚
781 1182 956 1228 habere
979 1181 1123 1228 filiam
1149 1183 1301 1247 specie
1331 1193 1376 1228 et
1399 1183 1548 1229 forma
1572 1192 1792 1247 praestan-

395 1269 513 1318 tem,
549 1276 652 1321 quae
686 1269 789 1304 tum
831 1279 853 1302 «
880 1269 1060 1304 matura
1093 1260 1193 1304 viro
1224 1259 1342 1304 foret
1370 1269 1416 1304 et
1448 1260 1595 1323 plenis
1622 1259 1794 1304 nubilis

396 1335 531 1381 annis
558 1356 580 1377 2>
599 1372 610 1394 ‚
637 1335 697 1382 ad
729 1336 1060 1399 requirendam
1094 1352 1199 1382 eam
1225 1336 1434 1382 animum
1471 1335 1789 1382 intenderunt.

844 1501 1181 1544 CAPITULUM
1221 1502 1317 1543 AX.

395 1623 551 1664 Qualiter
566 1623 776 1668 Mai-garetii,
795 1622 865 1655 filia
880 1622 1018 1665 Renafi,
1036 1623 1158 1656 Siciliae
1178 1623 1280 1667 regis,
1299 1621 1508 1668 desponsata
1525 1621 1588 1654 fuit
1605 1621 1794 1666 Anglorum

500 1682 592 1727 regi,
613 1690 646 1715 et
665 1695 745 1715 cum
761 1682 830 1715 hoc
848 1691 975 1727 treugae
993 1683 1089 1715 factae
1111 1682 1200 1715 inter
1216 1693 1311 1727 reges
1328 1681 1482 1715 Franciae
1500 1689 1531 1714 et
1549 1680 1690 1725 Angliae.

462 1790 610 1851 Super
632 1805 727 1850 quo
762 1787 1070 1834 tractantibus
1097 1788 1240 1848 longo
1279 1797 1493 1850 tempore
1530 1803 1639 1832 cum
1666 1796 1795 1848 patre

398 1866 582 1928 puellae,
635 1881 742 1927 rege
812 1865 975 1910 Siciliae
990 1900 1002 1923 ‚
1051 1864 1410 1926 Andegavorum
1432 1901 1442 1921 ,
1488 1863 1796 1923 Lotharingiae

397 1951 537 2004 atque
572 1941 868 1987 Barrensium
902 1940 1021 1985 duce
1057 1950 1102 1985 et
1139 1941 1310 1985 comite
1351 1939 1633 1995 Provinciae,
1660 1938 1796 1982 simul

399 2019 540 2064 etiam
563 2035 671 2063 cum
697 2019 799 2081 ipso
835 2034 941 2078 rege
965 2020 1254 2062 Francorum
1278 2017 1464 2075 Carolo7
1492 2015 1679 2071 habitis,
1710 2014 1798 2077 ipsi

400 2095 656 2156 Anglorum
688 2095 824 2155 legati
859 2094 918 2139 de
957 2093 1175 2139 ineundis
1209 2093 1410 2155 treugis,
1451 2092 1538 2137 sub
1561 2109 1642 2155 spe
1673 2091 1799 2154 pacis

400 2171 728 2230 couciliandae‚
758 2171 898 2217 etiam
930 2187 1199 2216 sermonem
1234 2177 1536 2233 aperuerunt.
1563 2167 1799 2214 Videbant

401 2249 526 2293 enim
553 2248 731 2310 Anglici
752 2283 762 2306 ‚
791 2258 841 2293 ut
862 2248 1083 2303 diximus,
1114 2264 1219 2293 suas
1242 2256 1396 2310 partes
1422 2246 1674 2292 debiliores
1700 2246 1797 2290 die-

402 2336 538 2371 tenus
563 2325 661 2370 fieri
684 2326 732 2370 in
751 2326 958 2385 Francia,
975 2324 1206 2387 simulque
1230 2324 1323 2369 illic
1346 2324 1596 2386 imperium
1609 2338 1799 2383 vergere

402 2403 450 2447 in
478 2403 662 2447 ruinam
685 2401 970 2463 totalemque
997 2401 1332 2457 desectionem,
1366 2401 1455 2445 nisi
1486 2400 1573 2445 sibi
1597 2400 1654 2444 de
1675 2397 1800 2462 pacis

404 2478 477 2524 vel
502 2489 670 2540 treugae
694 2479 903 2525 remedio
928 2479 1244 2542 providerent.
1272 2481 1369 2524 Hac
1392 2478 1567 2541 quippe
1589 2478 1663 2523 via
1685 2475 1800 2521 aesti-

406 2565 653 2599 maverunt
674 2557 849 2601 ruentis
879 2555 1129 2601 adversum
1162 2571 1210 2600 se
1240 2553 1437 2600 fortunae
1467 2555 1693 2617 impetum
1719 2552 1800 2596 sis-

407 2641 504 2676 tere
518 2667 528 2686 ,
553 2641 599 2675 et
621 2631 775 2677 adhuc
799 2649 902 2695 quae
922 2633 969 2678 in
988 2632 1278 2679 Normannia
1298 2631 1372 2678 vel
1393 2631 1636 2694 Aquitania
1656 2627 1800 2692 possi-

408 2707 607 2764 debant,
633 2724 813 2753 servare
835 2725 986 2771 posse.

475 2787 580 2829 Haec
605 2794 759 2829 autem
791 2795 1009 2846 apertura
1038 2794 1208 2845 treugae
1243 2794 1382 2846 atque
1404 2785 1530 2847 pacis
1552 2784 1688 2829 etiam
1712 2782 1797 2844 ipsi
