2037 3442
392 317 413 350 »2
421 316 467 350 76
772 311 1108 347 HISTORIARUM
1136 312 1314 348 CAROLI
1343 315 1411 348 VII

395 397 508 442 tium
537 409 648 440 vero
681 397 830 437 Gam‘e
853 394 863 414 1
888 391 1169 448 vocabatur3
1198 409 1252 437 ex
1288 392 1460 454 quibus
1490 394 1672 452 castris,
1711 396 1790 456 qui

393 472 456 517 ibi
474 486 560 534 pro
581 468 796 513 custodia
815 483 842 518 a
864 466 1192 513 Gaudensibus
1214 468 1397 514 fuerant
1419 469 1661 526 collocati,
1687 471 1792 532 plu-

392 547 509 592 rima
541 545 715 590 damna
755 543 888 588 terris
932 542 1162 603 finitimis,
1205 546 1486 608 rapinasque
1529 562 1581 591 ac
1614 545 1794 608 praedas

393 623 559 669 multas
589 623 812 668 fecerant.
851 620 1119 666 Adventans
1149 622 1287 684 igitur
1325 623 1540 685 praefatus
1576 623 1795 686 princeps

390 717 499 746 cum
518 699 723 745 exercitu
748 697 953 760 bellique
977 698 1205 743 machinis
1230 709 1368 761 atque
1399 699 1716 744 instrumentis
1736 698 1796 744 ad

391 775 788 840 expugnationem
811 772 998 818 urbium
1017 773 1288 836 arciumque
1309 775 1615 837 opportunis,
1642 775 1796 837 primo

392 854 451 900 ad
483 854 662 899 dictum
693 861 895 896 castrum
927 850 986 895 de
1016 854 1255 914 Pom-ques
1284 851 1584 897 obsidionem
1614 853 1794 915 posuit,

393 930 730 990 machinasque
763 944 815 973 ac
849 928 1073 990 petrarias
1099 928 1408 973 validissimas
1433 929 1664 987 admovit3
1696 930 1798 990 qui-

393 1007 480 1052 bus
499 1022 635 1062 cum,
666 1006 786 1050 intra
809 1004 1117 1067 paucissimos
1142 1003 1263 1063 dies,
1297 1013 1446 1050 turres
1467 1015 1512 1050 et
1529 1021 1800 1068 propugna-

393 1083 497 1128 cula
516 1082 784 1144 dejecisset,
815 1080 1030 1126 obsessos
1054 1080 1113 1125 ad
1138 1080 1404 1127 faciendum
1427 1082 1719 1127 deditionem
1742 1082 1799 1127 ad

394 1159 605 1222 ejusdem
649 1157 945 1203 voluntatem
987 1157 1157 1202 invitos
1195 1157 1363 1219 adegit.
1408 1161 1511 1214 Qua
1554 1159 1618 1203 sic
1654 1158 1799 1216 facta,

395 1252 562 1281 omnes
590 1235 810 1299 patibulis
840 1233 1031 1279 suffixos
1064 1234 1336 1296 laqueisque
1368 1235 1705 1298 strangulatos,
1737 1236 1803 1280 vi·-

396 1322 491 1358 tam
540 1311 859 1375 impietatibus
904 1311 1061 1356 multis
1107 1312 1389 1357 maculatam
1439 1312 1571 1357 finire
1621 1312 1805 1374 adjudi-

398 1390 522 1435 cavit
545 1399 590 1434 et
613 1389 733 1434 feeit.

463 1466 604 1523 Quod
624 1474 875 1529 postquam
900 1482 955 1510 eo
982 1465 1127 1510 modo
1156 1465 1414 1511 factitatum
1443 1475 1583 1525 esset,
1613 1465 1673 1511 ad
1697 1466 1809 1511 alte-

400 1561 504 1589 rum
536 1553 739 1588 castrum
771 1541 830 1586 de
862 1541 1174 1586 Skendelbeke
1199 1545 1210 1565 ²
1234 1542 1443 1587 similiter
1474 1542 1730 1587 exercitum
1765 1551 1810 1587 et

400 1620 510 1665 belli
556 1619 800 1665 machinas
856 1617 1093 1674 admovit3
1144 1635 1240 1680 quo
1281 1619 1544 1663 brevissimi
1584 1618 1810 1680 temporis

405 1712 540 1741 mora
564 1697 705 1740 etiam
732 1695 974 1758 expedito7
1001 1695 1100 1758 pari
1124 1712 1316 1757 quoque
1340 1696 1592 1758 supplicio7
1620 1695 1701 1756 qui
1726 1693 1808 1757 [in]

410 1773 490 1819 illo
514 1771 796 1835 deprehensi
821 1771 1004 1816 fuerant
1020 1807 1031 1828 ‚
1061 1771 1213 1816 affecti
1233 1771 1377 1816 fuere.

473 1847 687 1894 Exterriti
707 1847 773 1905 hi⁷
797 1847 877 1909 qui
901 1847 960 1892 ad
983 1847 1246 1892 custodiam
1268 1847 1457 1892 alterius
1481 1848 1639 1905 castri,
1664 1848 1812 1892 nomi-

409 1926 506 1971 nati
529 1929 700 1981 Gauzffe,
722 1924 863 1969 locati
884 1932 1040 1982 erant,
1062 1939 1115 1968 ac
1139 1924 1286 1968 nimio
1310 1923 1460 1968 affecti
1479 1940 1675 1985 pavore,
1703 1941 1813 1969 cum

412 2018 509 2047 non
558 2000 830 2049 dissimilem
872 2000 1047 2045 exitum
1085 2016 1133 2045 se
1178 2010 1420 2063 sperarent
1456 2000 1725 2057 habituros,
1777 2001 1815 2045 si

414 2078 712 2124 obsidionem
746 2078 885 2123 etiam
917 2077 1004 2141 ipsi
1036 2087 1386 2141 exspectarent,
1422 2086 1466 2121 et
1499 2086 1597 2122 tum
1630 2077 1688 2122 de
1722 2076 1815 2122 fide

415 2172 469 2201 ac
503 2155 744 2219 promissis
781 2153 1104 2199 Gandensium
1140 2170 1238 2198 non
1277 2152 1504 2199 auderent
1547 2151 1811 2208 confidere,

418 2234 498 2296 qui
548 2232 662 2277 alios
715 2232 761 2276 in
804 2230 992 2276 duobus
1044 2229 1281 2293 prioribus
1335 2230 1449 2274 locis
1504 2229 1712 2292 perditos
1763 2230 1816 2274 iri

418 2309 714 2371 reliquissent
762 2308 939 2370 absque
981 2306 1075 2352 ulla
1113 2306 1416 2363 defensione,
1462 2316 1626 2351 contra
1674 2305 1817 2351 fidem

419 2387 814 2451 pollicitationum
846 2402 1060 2440 suarum,
1097 2385 1376 2429 nuntiarunt
1408 2382 1739 2428 (laudensibus
1771 2400 1818 2429 se

422 2463 615 2508 minime
639 2470 986 2525 exspectaturos
1011 2459 1334 2518 obsidionem,
1363 2458 1442 2503 sed
1474 2458 1631 2503 locum
1663 2459 1820 2521 potius

423 2541 578 2602 ipsum
626 2555 828 2585 vacuum
874 2539 1134 2584 relicturos.
1184 2535 1325 2592 Quod
1365 2553 1474 2581 cum
1524 2534 1822 2581 intellexisset

479 2664 514 2698 1.
545 2664 615 2699 Les
633 2662 819 2699 cliziteaux
835 2661 881 2699 de
902 2662 1050 2698 Poucke
1064 2692 1073 2709 ‚
1096 2660 1142 2698 de
1161 2660 1444 2700 Schendelbeke
1464 2670 1499 2697 et
1520 2660 1566 2697 de
1587 2662 1724 2698 Gavre.

479 2723 517 2759 2.
550 2724 619 2757 Les
642 2722 858 2770 operations
884 2722 1190 2759 commencerent
1213 2734 1261 2758 au
1286 2720 1474 2758 contraire
1503 2734 1571 2770 par
1598 2720 1632 2756 la
1654 2720 1752 2770 prise
1777 2719 1822 2756 dc

427 2778 728 2826 Schendelbeke3
754 2781 901 2816 Pouclze
921 2781 975 2816 fut
997 2781 1149 2830 attaque
1169 2793 1214 2817 en
1235 2780 1373 2816 second
1393 2780 1483 2818 lieu.
