2037 3442
735 324 877 359 IJBER
905 321 1118 357 TERTIUS.
1557 320 1631 355 153

240 420 342 465 quae
371 403 597 467 oppidum
631 403 787 466 Diepae
821 403 1067 449 obsidione
1098 403 1195 463 jam
1223 401 1331 446 satis
1363 400 1502 461 longa
1530 416 1633 463 pre-

239 479 391 525 mebat
413 490 456 525 et
480 480 787 525 munitissima
806 480 949 538 foret,
980 496 1004 524 a
1030 494 1179 541 pauco
1203 487 1358 522 tamen
1379 486 1517 539 atque
1542 478 1634 521 exi-

240 571 332 616 guo
357 556 612 616 Anglorum
636 572 835 600 numero
867 554 1094 599 custodiri
1120 553 1244 614 (non
1280 554 1404 597 enim
1432 561 1564 597 erant
1586 552 1633 597 in

239 629 402 673 eadem
431 630 553 675 mille
578 631 862 692 bellatores),
891 648 945 675 ex
969 639 1243 691 contemptu
1266 628 1511 690 paucitatis
1536 627 1634 672 ani-

238 721 341 750 mos
359 706 642 764 attollentes,
667 707 723 752 ad
741 723 844 752 eam
861 704 1223 768 expugnandam
1237 720 1285 748 se
1301 703 1630 748 admoverunt.

240 784 295 826 Et
317 781 455 844 hujus
477 783 669 845 quidem
687 784 751 828 rei
776 782 967 827 Carolus
992 798 1086 838 rex,
1106 790 1158 824 ut
1177 795 1283 824 eum
1304 779 1351 822 in
1374 777 1513 822 rebus
1535 777 1636 822 bel-

240 858 338 904 licis
360 860 728 905 exercitatiorem
748 859 965 916 efficeret,
991 857 1138 902 filium
1163 871 1298 900 suum
1323 853 1632 912 Ludovicum‚

242 934 300 980 de
321 952 416 998 quo
441 952 580 999 supra
612 936 910 981 meminimus
927 970 938 992 ,
965 934 1306 979 conductorem
1340 947 1439 975 esse
1462 929 1632 987 voluit,

242 1012 352 1058 dato
382 1023 537 1058 tamen
571 1013 656 1058 sibi
687 1013 917 1058 directore
941 1011 1180 1065 Johanne,
1207 1008 1378 1053 comite
1404 1006 1632 1051 Dunensi.

307 1089 397 1144 Qui
421 1105 476 1134 ex
495 1088 666 1134 finibus
684 1088 1029 1134 Belvacensium
1047 1096 1090 1131 et
1111 1084 1451 1129 Ambianorum
1468 1082 1639 1127 adven-

245 1173 391 1209 tantes
403 1180 510 1208 cum
531 1166 637 1210 satis
652 1181 795 1228 parva
814 1179 959 1209 manu
974 1162 1185 1224 equitum
1202 1176 1256 1206 ac
1273 1159 1483 1223 peditum
1507 1158 1639 1220 (nam

241 1241 389 1303 patria
408 1240 483 1285 illa
500 1241 680 1288 deserta
700 1257 951 1287 numerum
971 1240 1059 1284 nisi
1076 1255 1274 1302 parvum
1298 1238 1420 1283 alere
1444 1236 1639 1282 minime

242 1317 525 1379 potuisset),
554 1319 612 1363 ad
636 1318 948 1382 expugnanda
983 1326 1131 1362 castra
1161 1333 1242 1361 seu
1262 1315 1496 1361 hastiliam
1521 1330 1640 1377 prae-

244 1392 416 1438 dictam
442 1394 698 1455 Anglorum
722 1412 768 1441 se
793 1393 1042 1439 dederunt.
1075 1393 1159 1438 Cui
1186 1392 1376 1453 negotio
1401 1408 1510 1436 cum
1530 1390 1640 1435 totis

244 1469 570 1515 incumberent
598 1471 799 1530 viribus,
836 1471 1065 1515 irruentes
1093 1468 1315 1514 audacter
1349 1477 1395 1513 et
1428 1468 1640 1513 animose

246 1547 294 1591 in
334 1547 530 1605 vallum,
573 1564 628 1592 ex
663 1548 794 1593 omni
835 1557 965 1610 parte
998 1544 1223 1590 insultum
1259 1544 1482 1590 fecerunt.
1521 1547 1641 1589 Cum

245 1632 401 1668 autem
434 1623 611 1686 Anglici
648 1625 697 1669 in
747 1624 932 1669 irritum
971 1639 1162 1668 suarum
1204 1622 1641 1667 bombardellarum

246 1708 290 1744 et
325 1700 595 1761 sagittarum
616 1700 766 1762 jactus
792 1700 1145 1764 expendissent,
1174 1709 1219 1744 et
1250 1698 1458 1744 hostium
1479 1698 1643 1760 jaculis

246 1786 385 1839 atque
420 1778 520 1823 telis
550 1778 747 1839 graviter
769 1788 812 1823 et
839 1778 1038 1823 multum
1062 1777 1143 1822 diu
1162 1777 1309 1839 pressi
1335 1786 1516 1834 essent,
1547 1776 1644 1821 vio·

246 1853 387 1899 lentia
431 1855 665 1917 armisque
709 1858 996 1900 Francorum
1033 1855 1137 1900 lassi
1177 1864 1220 1899 et
1264 1854 1464 1915 fatigati,
1500 1869 1645 1898 cesse-

248 1940 374 1975 runt.
415 1934 683 1977 Conscenso
707 1932 861 1994 itaque
885 1932 993 1976 valli
1018 1931 1277 1976 munimine
1295 1968 1306 1990 ,
1334 1930 1645 1992 ingredientes

250 2008 435 2064 Franci,
459 2025 578 2070 quos
601 2008 694 2053 illic
719 2010 933 2071 Anglicos
958 2009 1163 2054 invenire
1180 2018 1460 2072 potuerunt,
1483 2025 1646 2054 omnes

251 2083 343 2127 fere
367 2084 731 2130 trucidaverunt.
774 2085 884 2130 Caesi
909 2085 1044 2130 etiam
1075 2085 1263 2131 fuerunt
1286 2084 1505 2130 nonnulli
1528 2101 1647 2129 mer-

252 2168 454 2217 catores,
484 2161 564 2222 qui
587 2160 692 2217 illo,
717 2160 775 2205 ad
796 2161 1078 2223 portandam
1100 2161 1548 2223 ministrandamque
1565 2176 1647 2205 an—

253 2252 430 2280 nonam
456 2246 500 2281 et
522 2254 594 2282 res
624 2238 844 2283 exercitui
880 2239 1182 2297 necessarias,
1211 2238 1524 2296 advenerant,
1551 2236 1649 2282 aliis

253 2312 298 2356 in
323 2313 639 2375 captivitatem
661 2314 873 2360 abductis
889 2318 916 2360 ¹.

318 2389 435 2433 Huic
473 2399 631 2435 autem
677 2392 1014 2454 expugnationi
1052 2408 1277 2453 magnum
1313 2392 1436 2437 cives
1472 2390 1649 2436 obsessi

254 2465 417 2528 oppidi
447 2467 747 2513 contulerunt
773 2468 1114 2530 adjumentum.
1142 2472 1259 2514 Cum
1283 2469 1407 2514 enim
1430 2469 1487 2513 sit
1509 2468 1650 2513 mari-

255 2541 420 2587 timum
451 2543 679 2606 oppidum
695 2579 706 2601 7
736 2544 947 2607 plerique
972 2561 1025 2590 ex
1050 2544 1229 2590 civibus
1260 2554 1361 2589 tum
1388 2560 1565 2589 merces
1590 2542 1649 2588 ad

254 2617 364 2664 alias
391 2629 535 2665 terras
558 2620 858 2683 trajiciendo,
887 2631 987 2668 tum
1018 2621 1264 2685 piscationi
1285 2619 1528 2679 vacando,
1567 2634 1648 2664 na-

313 2780 348 2815 1.
382 2778 613 2815 Aofit4443.
