2037 3442
752 376 894 412 L113ER
921 375 1160 420 QUARTUS.
1572 375 1647 412 499

254 453 397 517 pelli¹.
417 458 534 500 Cum
547 463 703 501 autem
715 455 864 517 justas
878 454 1150 516 hujusmodi
1164 453 1375 517 querelas
1392 455 1650 518 requisitio-

254 547 430 593 nesque
449 531 585 594 Angli
609 548 775 594 parum
800 541 880 576 aut
902 531 1019 575 nihil
1042 542 1282 590 curarent,
1302 542 1368 590 et,
1396 532 1523 595 quod
1548 548 1648 594 ges-

254 615 354 651 tum
380 606 527 651 fuerat
548 616 712 652 contra
738 607 981 651 Britonum
1005 606 1196 666 ducem,
1227 624 1275 653 se
1306 609 1428 669 juste
1464 608 1645 663 fecisse,

253 698 351 727 non
375 692 541 728 contra
565 687 852 729 Francorum
878 698 1052 745 regem,
1079 682 1162 728 sed
1186 684 1233 728 in
1257 684 1506 730 vassallum
1534 684 1652 745 regis

254 760 528 821 Anglorum,
559 760 644 806 sibi
663 760 1016 806 inobedientem
1032 774 1086 804 ac
1106 759 1347 818 rebellem,
1374 772 1648 820 assererent,

256 836 508 900 fuissetque
544 838 593 883 in
625 837 796 883 talibus
834 836 1146 899 legationibus
1177 847 1223 882 et
1258 838 1654 882 summationibus

254 923 469 959 exactum
503 914 685 961 circiter
722 930 799 959 sex
837 914 1070 960 mensium
1105 914 1355 977 spatium2,
1390 914 1655 975 cogitarunt

254 991 418 1036 Franci
452 1007 549 1036 non
577 990 694 1036 ultra
720 989 874 1036 verbis
904 990 1213 1050 contendere;
1246 989 1324 1035 sed
1359 990 1518 1052 potius
1546 1005 1656 1035 cum

254 1068 393 1113 simili
415 1068 529 1114 ludo
555 1069 707 1114 vicem
731 1067 946 1112 hostibus
963 1067 1159 1113 reddere
1179 1075 1456 1112 statuerunt.

320 1147 463 1190 Erant
498 1155 598 1190 tum
641 1146 689 1190 in
721 1143 900 1207 oppido
936 1144 1062 1189 dicto
1111 1143 1403 1189 Locusveris³
1438 1143 1657 1189 nonnulli

255 1220 538 1281 quadrigarii
568 1237 648 1266 seu
678 1220 868 1282 aurigae,
899 1220 1001 1281 qui,
1038 1219 1237 1264 durante
1274 1229 1455 1281 treuga,
1492 1219 1538 1264 in
1565 1219 1659 1264 suis

256 1295 472 1341 curribus
486 1307 669 1343 vectare
686 1297 793 1342 vina
807 1296 867 1341 ad
884 1295 1047 1341 urbem
1062 1295 1489 1358 Rothomagensem
1502 1312 1659 1341 assue-

255 1383 441 1433 verant,
481 1386 525 1420 et
559 1375 669 1420 inde
705 1375 765 1420 ad
796 1374 921 1418 idem
957 1373 1187 1436 oppidum
1211 1373 1481 1436 vicinasque
1517 1384 1661 1419 terras

261 1466 438 1495 merces
455 1452 520 1495 eis
535 1451 817 1497 necessarias
835 1458 1089 1495 revectare.
1115 1449 1172 1493 Hi
1193 1449 1472 1495 custodibus
1486 1450 1604 1495 arcis
1619 1459 1665 1495 et

258 1527 418 1589 pontis
451 1527 543 1573 loci
579 1528 660 1590 qui
694 1527 833 1589 vulgo
860 1526 1181 1573 Pons—Archa?
1201 1528 1214 1549 Ι*
1238 1526 1518 1590 appellatur,
1546 1527 1662 1572 mul-

257 1612 358 1648 tum
382 1615 516 1650 erant
538 1606 660 1664 noti,
689 1621 746 1650 eo
767 1604 922 1666 quod,
946 1603 1155 1667 qualibet
1178 1620 1308 1666 paene
1334 1603 1658 1663 hebdomada,

257 1682 400 1727 semel
426 1692 507 1727 aut
533 1682 604 1727 bis
630 1699 740 1727 cum
764 1682 859 1727 suis
890 1681 1104 1727 curribus
1136 1681 1311 1726 flumen
1332 1683 1557 1744 Sequanae
1579 1697 1661 1744 per

257 1757 389 1804 illum
411 1769 609 1822 pontem
643 1759 839 1804 transire
872 1759 995 1804 soliti
1018 1767 1176 1816 erant3
1204 1757 1477 1821 eisdemque
1502 1767 1660 1803 custo-

259 1835 422 1896 dibus,
447 1838 631 1899 quoties
660 1836 944 1896 transibant,
970 1852 1191 1881 nummos
1215 1835 1397 1898 aliquos
1420 1852 1499 1880 seu
1521 1851 1661 1881 ence-

259 1915 359 1961 nia5
395 1914 648 1961 liberaliter
680 1915 964 1978 erogabant,
1003 1913 1359 1978 propterquod
1395 1922 1663 1976 aperturam

261 1992 417 2053 pontis
459 1995 799 2058 transitumque
837 1994 1047 2053 facilem,
1092 1992 1269 2056 absque
1313 1992 1661 2053 remoratione,

317 2165 353 2200 1.
387 2164 476 2200 Voir
495 2167 651 2214 Rymer,
674 2175 699 2205 t.
719 2169 795 2215 XI,
819 2181 856 2217 p.
879 2168 954 2203 ⁶223
977 2175 1012 2204 et
1034 2167 1133 2204 suiv.

315 2231 352 2263 2³..
390 2246 404 2260 «ε
429 2230 516 2264 Post
536 2228 659 2265 varias
681 2229 991 2267 ambassiatorum
1009 2231 1221 2282 impensas,
1249 2232 1352 2270 inani
1372 2232 1502 2270 labore
1528 2235 1666 2285 saepius

263 2287 445 2336 repetito,
476 2296 737 2338 consumptas,
771 2303 839 2326 rex
871 2291 1035 2327 Karolus
1062 2291 1288 2338 justissimus
1306 2321 1315 2339 ,
1347 2301 1387 2329 ut
1416 2294 1561 2344 accepit
1590 2309 1666 2345 qua

263 2346 475 2391 simultate,
509 2347 647 2396 quibus
676 2348 795 2394 dolis,
824 2349 863 2385 in
890 2357 1110 2401 treugarum
1143 2351 1433 2402 prosecutione,
1465 2366 1555 2403 erga
1586 2367 1666 2391 rem

264 2405 455 2455 publicani
490 2406 632 2442 inimici
665 2408 884 2455 utebantur,
910 2409 948 2445 in
983 2409 1149 2447 duorum
1175 2411 1374 2461 praesentia
1404 2413 1664 2461 notariorum,

263 2477 373 2501 suum
398 2477 578 2514 magnum
602 2466 810 2503 Consilium
839 2468 1014 2505 accersiri
1035 2469 1163 2515 jussit;
1202 2471 1264 2508 cui
1296 2471 1432 2508 mentis
1455 2480 1666 2519 secretum,

265 2523 344 2560 fere
378 2532 463 2574 post
494 2525 797 2573 quati-iniestrem
827 2527 975 2578 lapsum
1005 2543 1027 2567 a
1062 2531 1198 2569 misera
1233 2532 1405 2584 Fulgeris
1431 2532 1666 2582 direptione,

266 2583 429 2632 aperuit.
450 2600 465 2615 »
504 2583 648 2622 Ptobert
668 2586 826 2624 Blondel
846 2618 855 2636 ,
876 2588 901 2626 l.
924 2591 964 2635 I,
982 2603 1015 2627 c.
1036 2605 1105 2630 ΧΠ.

321 2653 356 2687 3.
386 2651 595 2698 Louviers,
629 2652 695 2701 qui
724 2653 813 2691 etait
844 2655 943 2692 alors
971 2668 1019 2693 au
1052 2658 1215 2707 pouvoir
1242 2656 1309 2694 des
1339 2657 1530 2708 FrancaiS.
1569 2661 1665 2708 Voy.

264 2707 453 2746 ci-dessus
469 2739 479 2756 ,
501 2724 540 2760 p.
568 2714 659 2749 134.

318 2782 355 2815 st.
387 2779 749 2819 Pont-de-l'Arche.

318 2850 354 2882 5.
387 2849 439 2883 Le
461 2846 713 2897 pour-boire,
735 2851 852 2898 qu'on
870 2849 1035 2899 appelait
1053 2847 1154 2886 alors
1175 2852 1207 2884 le
1225 2853 1296 2886 vin.
