2037 3442
462 367 536 401 132
837 363 1174 399 HISTORIARUM
1205 364 1382 399 CAROLI
1412 365 1475 399 VII

460 446 665 492 exierant
685 460 782 490 non
802 444 1011 504 ignotam
1027 479 1037 499 ‚
1065 442 1224 488 denuo
1247 443 1411 488 Franci
1430 444 1582 507 ipsum
1606 445 1763 492 locum
1782 464 1852 494 re-

459 530 710 584 ceperunt,
740 519 821 582 qui
849 518 940 564 illic
963 520 1140 565 inventi
1176 520 1364 564 fuerunt
1401 521 1600 582 Anglicis
1630 523 1753 568 caesis
1781 525 1853 570 vel

456 597 715 660 captivatis.

521 675 671 721 Aliam
687 682 842 719 autem
867 672 1211 736 expeditionem
1240 672 1371 718 duxit
1393 690 1500 718 cum
1524 691 1690 736 magna
1709 676 1852 723 classe

456 767 613 797 comes
638 750 697 796 de
720 751 968 794 Hanlz‘t0n¹
989 750 1036 794 in
1061 750 1374 812 Aquitaniam,
1396 750 1456 797 ad
1478 751 1725 797 tutandum
1740 756 1852 798 Vas-

455 829 602 875 coniae
622 838 764 874 terras
787 836 828 872 et
854 827 1061 872 civitates
1090 843 1205 890 quas
1228 827 1320 872 illic
1343 828 1598 890 Anglorum
1630 845 1709 873 rex
1741 839 1851 875 tunc

456 905 716 951 obtinebat.

517 981 608 1027 Sed
641 981 712 1026 hae
744 980 847 1026 duae
881 979 1139 1042 Anglorum
1174 980 1497 1043 expeditiones
1533 979 1729 1039 ultimae,
1757 998 1849 1029 una

451 1058 497 1103 in
532 1058 821 1103 Normannia
861 1066 905 1102 et
942 1057 1085 1102 altera
1126 1058 1172 1102 in
1212 1057 1481 1119 Aquitania,
1523 1057 1630 1102 satis
1662 1067 1850 1103 tenuem

451 1135 651 1180 fructum
676 1135 783 1197 ipsis
812 1134 964 1195 Anglis
985 1135 1320 1198 parturierunt.
1351 1134 1478 1179 Adeo
1504 1135 1629 1179 enim
1656 1152 1849 1197 regnum

452 1212 738 1254 Francorum
764 1208 1028 1254 desolatum
1047 1218 1171 1267 erat,
1195 1208 1434 1271 potissime
1453 1224 1602 1271 prope
1627 1210 1850 1254 terminos

448 1283 664 1331 locorum
699 1301 801 1346 quae
826 1283 1005 1346 Anglici
1035 1284 1336 1342 detinebant,
1366 1285 1494 1348 quod
1523 1284 1849 1330 difficillimum

449 1371 547 1407 erat
567 1371 612 1407 et
631 1378 761 1424 paene
782 1361 1069 1425 impossibile
1096 1362 1140 1406 in
1164 1362 1250 1407 illis
1270 1363 1402 1408 terris
1425 1363 1678 1408 exercitum
1703 1363 1845 1420 alere,

448 1438 626 1483 etiarnsi
646 1438 771 1483 mille
796 1438 1004 1500 equitum
1026 1438 1098 1483 vel
1120 1439 1362 1500 quingenti
1389 1439 1719 1484 tantummodo
1742 1439 1850 1483 fnis-

448 1524 566 1561 sent.
607 1518 674 1561 Ita
708 1515 861 1570 enim,
894 1524 944 1560 ut
975 1515 1071 1577 jam
1113 1532 1232 1578 saepe
1258 1516 1528 1573 retulimus,
1572 1515 1849 1578 praedonum

446 1594 687 1654 utriusque
710 1593 855 1655 partis
878 1592 1106 1656 rapacitas
1131 1602 1269 1654 atque
1300 1593 1566 1638 immanitas
1591 1592 1749 1637 omnia
1773 1609 1844 1638 ex-

446 1667 692 1725 hauserat,
733 1685 899 1714 omnes
937 1686 991 1714 ex
1026 1670 1145 1731 agris
1172 1669 1376 1715 cultores
1413 1669 1740 1733 profligaverat
1776 1671 1850 1730 (et

422 1806 427 1807 ⁷
447 1744 701 1807 praesertim
725 1743 788 1788 illi
808 1744 959 1804 quiex
983 1745 1171 1789 Francis
1195 1746 1528 1790 Scorticatores
1545 1744 1847 1806 appellaban-

447 1819 559 1881 tur)⁷
587 1829 637 1864 ut
660 1820 873 1865 maximae
896 1836 980 1881 per
1003 1819 1183 1865 diversa
1209 1822 1339 1881 regni
1363 1820 1467 1865 loca
1486 1820 1739 1883 provinciae
1759 1820 1847 1864 de·-

447 1905 576 1941 sertae
600 1896 877 1958 incultaeque
912 1906 1186 1955 manerent,
1225 1896 1631 1959 quemadmodum
1657 1912 1682 1941 a
1709 1897 1846 1942 nobis

445 1989 584 2035 supra
607 1973 743 2018 latius
766 1973 966 2018 relatum
989 1982 1073 2017 est.

919 2157 1253 2201 CAPITULUM
1289 2157 1368 2199 M.

600 2285 745 2318 Obsidio
764 2285 916 2319 secunda
933 2285 1101 2319 Harefluti
1117 2286 1160 2318 ab
1178 2285 1294 2330 Anglis
1306 2312 1314 2327 ‚
1333 2293 1365 2317 et
1381 2283 1488 2330 ipsius
1506 2286 1686 2319 assecutio.

511 2406 682 2449 Exacto
702 2420 814 2449 vero
835 2414 942 2467 post
969 2404 1150 2449 circiter
1182 2403 1403 2459 biennio,
1445 2401 1574 2462 Angli
1614 2402 1842 2464 oppidum

446 2480 687 2539 Harefluti‚
704 2479 835 2542 quod
850 2496 991 2543 supra
1010 2480 1158 2542 ripam
1181 2482 1428 2540 Sequanae,
1449 2494 1597 2540 prope
1614 2478 1695 2522 ubi
1716 2495 1843 2523 mare

446 2554 613 2612 influit,
634 2557 771 2601 situm
790 2566 873 2613 est,
895 2556 1141 2602 obsidione
1165 2566 1284 2601 terra
1309 2555 1519 2616 marique
1546 2555 1836 2612 cinxerunt²3

446 2631 576 2691 cujus
611 2633 865 2679 obsidionis
898 2634 1042 2679 duces
1077 2643 1209 2679 erant
1231 2633 1326 2678 dux
1351 2634 1652 2677 Summerseti
1686 2642 1730 2678 et
1753 2632 1843 2678 do-

506 2766 536 2802 1.
571 2766 622 2800 Le
645 2773 765 2801 comte
785 2764 831 2801 de
852 2765 1102 2816 Huntington.

501 2826 538 2860 ⁹2.
571 2826 602 2859 A
627 2823 662 2858 la
681 2824 729 2858 {in
746 2822 879 2859 d'avril
905 2825 1018 2861 1440.
