2037 3442
715 277 855 312 LIBER
883 277 1097 312 TERTIUS.
1534 278 1548 311 1
1561 276 1607 311 39

281 360 496 405 Similiter
527 359 758 424 oppidum
780 376 888 405 cuni
911 369 1063 405 castro
1088 359 1146 405 de
1170 359 1457 420 Monte-Argi
1477 358 1608 405 dedi-

218 437 395 484 tionem
417 438 565 484 facere
589 447 803 483 coactum
828 448 919 497 est,
952 441 1053 500 ipso
1077 435 1256 500 oppido
1281 452 1363 500 per
1388 435 1609 481 insultum

218 524 483 577 expugnato
507 525 553 561 et
578 525 714 578 capto
730 518 757 560 ¹.

282 594 339 635 Et
355 593 418 636 sic
432 609 515 655 per
535 594 693 638 omnia
707 593 804 654 jam
822 592 1014 636 flumina
1033 609 1216 637 sursum
1236 608 1392 638 versus
1406 591 1611 637 habuere

221 668 496 713 Parisienses
516 669 759 713 transitum
779 666 994 713 liberum.
1021 667 1111 712 Sed
1130 684 1236 712 cum
1255 666 1353 711 haec
1372 667 1465 728 regi
1486 668 1611 729 ipsis-

218 762 310 808 que
336 747 442 791 satis
466 747 611 792 fauste
637 763 690 792 ac
724 746 911 791 feliciter
942 746 1292 808 provenissent,
1319 744 1442 790 aliud
1468 746 1610 807 paulo

218 832 322 885 post
340 839 476 884 grave
493 824 557 869 eis
578 824 773 884 contigit
793 822 1103 867 infortunium
1122 821 1325 868 evenire.
1351 823 1466 866 Nam
1488 824 1611 866 Pon-

218 900 366 945 tisarae
383 900 629 963 oppidum,
649 899 707 944 ab
727 901 824 962 ipsa
838 898 951 944 urbe
967 900 1090 961 regia
1109 909 1215 944 octo
1234 897 1452 942 brevibus
1468 897 1612 943 leucis

218 976 458 1022 dumtaxat
481 988 714 1021 remotum
732 1013 742 1033 ‚
770 986 913 1021 noctu
937 975 996 1021 ab
1021 975 1219 1036 Anglicis
1239 975 1361 1019 circa
1383 973 1481 1018 dies
1504 976 1613 1019 Car-

219 1054 485 1116 11ispriviae‘²‚
509 1053 642 1099 scalis
660 1052 876 1109 admotis,
900 1051 1069 1096 exstitit
1090 1060 1371 1113 occupatum
1390 1060 1433 1095 et
1455 1049 1612 1113 direp-

220 1141 334 1175 tum.
364 1131 506 1186 Quod
535 1147 644 1176 cum
666 1132 753 1194 ipsi
787 1129 962 1190 Anglici
997 1145 1168 1191 niagno
1193 1145 1387 1174 suorum
1411 1145 1611 1173 numero

220 1207 519 1266 muniissent,
549 1207 712 1253 urbem
737 1208 884 1270 ipsam
907 1206 1080 1268 regiam
1103 1206 1318 1251 maximis
1346 1204 1613 1250 afficiebant

220 1284 552 1343 incommodis,
577 1302 685 1330 cum
708 1284 847 1329 etiam
864 1284 1138 1329 Meduntam
1154 1285 1165 1305 ³³
1190 1282 1344 1328 adhuc
1369 1299 1509 1344 supra
1532 1284 1613 1327 Se-

219 1376 448 1422 quanam,
477 1378 572 1406 non
593 1361 793 1407 multum
815 1360 873 1406 ab
894 1360 1057 1406 eadem
1080 1360 1195 1405 urbe
1220 1360 1419 1417 distans,
1443 1369 1488 1404 et
1505 1362 1614 1404 Cre-

219 1436 399 1481 dulium
437 1440 663 1483 castrum'*
696 1455 834 1501 supra
871 1440 1069 1493 Isaram,
1103 1453 1211 1481 cum
1246 1435 1486 1481 nonnullis
1517 1435 1615 1480 aliis

220 1522 506 1573 occuparent
532 1523 575 1557 et
605 1522 833 1558 tenerent.
864 1511 1134 1573 Languebat
1155 1511 1291 1574 igitur
1315 1510 1479 1556 eadem
1503 1509 1615 1555 urbs

220 1588 602 1651 affligebaturque
643 1589 796 1635 adhuc
837 1589 898 1634 ob
940 1588 1265 1651 hujuscemodi
1316 1604 1529 1642 causam,
1571 1596 1617 1631 et

221 1666 400 1727 magnis
433 1666 704 1728 subjacebat
748 1666 995 1723 molestiis,
1035 1666 1188 1711 donec
1230 1681 1356 1710 anno
1386 1680 1610 1710 MCCCCXL.

220 1759 298 1786 rex
318 1744 508 1789 Carolus
525 1760 627 1789 eam
645 1743 812 1789 talibus
832 1743 1052 1806 angustiis
1073 1741 1315 1788 absolvere
1337 1758 1445 1787 cum
1462 1740 1616 1786 valida

220 1821 567 1882 expugnatione
599 1821 771 1867 auxilio
808 1821 966 1881 affuit⁷
1004 1828 1413 1883 expugnatumque
1437 1816 1616 1863 Credu-

220 1898 334 1944 lium
355 1899 508 1945 statim
533 1900 721 1963 recepit.
1483 1892 1485 1894 ³

674 2050 1008 2094 CAPITULUM
1042 2050 1159 2092 le.

501 2157 654 2198 Qualiter
670 2158 850 2191 pontisara
870 2171 888 2191 a
906 2159 1031 2191 Carolo
1051 2171 1129 2204 rege
1148 2157 1339 2191 obsidetur.

290 2254 354 2299 Ad
380 2255 669 2300 Pontisaram
693 2272 827 2312 vero,
854 2273 954 2318 quae
981 2273 1148 2318 magna
1174 2254 1433 2316 Anglorum
1463 2255 1617 2316 praesi-

224 2331 298 2377 (lia
322 2332 444 2377 intus
467 2331 699 2391 habebat,
729 2332 1025 2379 obsidionem
1057 2343 1099 2379 et
1127 2342 1276 2378 castra
1308 2331 1521 2377 locavit⁵.
1553 2329 1617 2375 Ad

276 2459 312 2492 1.
345 2460 464 2493 Autre
484 2456 787 2493 anachronisme.
811 2460 863 2494 La
884 2457 983 2508 prise
1004 2458 1050 2494 de
1073 2457 1280 2508 Montargis
1299 2465 1355 2494 est
1378 2455 1425 2493 de
1446 2458 1561 2493 1438.

276 2518 312 2552 2.
346 2519 397 2552 La
416 2516 506 2552 ville
527 2516 573 2552 (16
594 2516 768 2553 Pontoise
791 2517 846 2552 fut
870 2516 1013 2566 perclue
1042 2515 1318 2552 effectivement
1347 2516 1367 2551 a
1391 2514 1546 2551 l'entre'e
1570 2512 1620 2551 du

223 2577 376 2612 Carcine
393 2605 402 2621 ,
425 2576 516 2612 mais
539 2576 584 2611 ilc
601 2575 749 2612 l'annee
771 2578 885 2612 1438.

279 2638 315 2672 3.
349 2637 532 2670 Meduszta
552 2635 643 2671 dans
666 2635 699 2671 le
719 2635 936 2672 manuscrit.
967 2637 1064 2672 C'est
1088 2638 1248 2672 Mantes.

277 2697 313 2730 4.
346 2697 397 2730 Le
416 2693 574 2731 chateau
588 2693 635 2731 de
654 2694 767 2741 Creil,
789 2694 883 2731 dans
900 2707 975 2731 une
988 2693 1037 2731 ile
1054 2693 1100 2731 de
1120 2694 1248 2731 l’Oise.

278 2758 314 2791 5.
349 2756 399 2790 Le
421 2756 442 2789 6
460 2753 583 2800 juillet
602 2756 717 2792 1441.
