2037 3442
755 233 893 267 LIBER
922 230 1186 267 SECUNDUS.
1622 231 1670 265 83

277 313 464 370 suisset,
493 331 578 360 nec
611 315 765 359 minus
799 324 993 377 propter
1018 313 1109 358 hoc
1147 330 1172 358 a
1208 312 1377 357 duritia
1406 322 1451 357 et
1493 313 1671 375 asperi—

278 400 370 436 tate
403 392 600 437 carceris
626 393 873 450 laxaretur,
901 391 1081 453 aliquot
1110 399 1214 453 post
1250 389 1456 435 decursis
1481 389 1667 448 (liebus,

276 467 514 529 vulgatum
545 469 715 514 exstitit
740 485 844 514 eam
876 467 1043 512 dixisse
1066 484 1114 512 se
1138 477 1384 530 propterea
1410 468 1547 512 fuisse
1567 484 1674 512 cor—

274 553 454 607 reptam
482 545 612 605 quod
638 544 910 605 hujusmodi
941 543 1259 607 apparitiones
1289 553 1330 588 et
1365 544 1674 589 revelationes

273 637 320 665 se
339 619 612 682 abnegasset
630 621 874 678 habuisse,
896 621 1147 682 denuoque
1167 622 1358 665 Sanctas
1376 622 1564 667 easdem
1585 620 1670 667 sibi

274 697 321 741 in
347 712 531 743 carcere
566 698 857 761 apparuisse,
888 713 990 759 quae
1018 696 1076 741 de
1100 696 1192 741 hoo
1215 697 1364 759 ipsam
1399 697 1500 742 dire
1523 698 1674 743 incre-

273 783 455 835 parant.

724 974 1060 1018 CAPITULUM
1095 975 1130 1016 X
1141 976 1212 1017 Vl.

361 1108 619 1141 Condemnatio
640 1110 809 1143 Johannae
826 1109 950 1143 Puellae
964 1134 973 1150 ,
995 1121 1071 1153 quae
1090 1108 1168 1153 igne
1186 1115 1335 1141 cremata
1351 1107 1476 1142 exstitit
1493 1108 1588 1154 apud

832 1167 1105 1212 Rothomagum.

337 1289 497 1342 Quum
521 1296 676 1332 autem
700 1287 958 1350 adjudices
990 1304 1043 1333 ea
1066 1303 1138 1332 res
1162 1285 1339 1350 perlata
1373 1286 1554 1347 fuisset,
1578 1289 1678 1352 ipsa

272 1364 442 1408 iterum
466 1363 526 1409 ad
547 1365 775 1425 judicium
800 1365 986 1429 publice
1010 1364 1240 1423 exhibita,
1268 1373 1493 1425 tanquam
1520 1366 1567 1410 in
1596 1367 1678 1412 ab·

268 1440 473 1502 juratam
508 1441 719 1487 haeresim
751 1442 956 1506 relapsa,
984 1442 1192 1505 judicata
1230 1442 1402 1486 exstitit
1431 1452 1477 1487 et
1519 1443 1678 1490 relicta

272 1526 322 1562 ut
346 1517 448 1562 talis
485 1517 680 1564 brachio
713 1520 942 1565 saecularis
976 1519 1233 1582 potestatis.
1268 1520 1423 1574 Quam
1457 1518 1581 1565 illico
1605 1537 1676 1566 ra-

272 1597 452 1659 pientes
479 1607 773 1642 exsecutores
803 1607 994 1660 totaque
1019 1596 1276 1659 Anglorum
1307 1612 1496 1655 manus,
1525 1588 1603 1659 qui
1628 1599 1675 1643 in

270 1690 443 1735 magno
471 1690 670 1719 numero
698 1691 808 1720 cum
828 1691 935 1737 rege
958 1689 1044 1720 suo
1070 1674 1272 1719 Henrico
1295 1684 1394 1718 tum
1427 1684 1559 1719 erant
1585 1677 1675 1720 Ro-

271 1751 506 1814 fflomagi,
535 1761 774 1815 spectante
799 1753 1047 1797 innumera
1078 1767 1209 1814 paene
1240 1751 1532 1814 populorum
1562 1751 1677 1796 mul-

272 1829 469 1874 titudine
499 1839 594 1874 tam
619 1829 677 1874 de
707 1829 891 1875 civitate
916 1830 1014 1892 ipsa
1039 1844 1181 1891 quam
1206 1827 1264 1873 de
1294 1828 1414 1888 agris
1440 1837 1485 1873 et
1512 1828 1675 1874 vicinis

271 1907 458 1969 oppidis
482 1907 624 1969 (nam
647 1907 836 1970 plurimi
861 1906 986 1952 velut
1001 1905 1061 1951 ad
1088 1905 1405 1968 spectaculum
1430 1905 1672 1969 publicum

270 1994 521 2048 propterea
567 1984 626 2030 ad
668 1985 885 2030 eamdem
926 1983 1092 2030 urbem
1136 1984 1521 2047 confluxerant),
1574 1986 1674 2048 ipsa

270 2060 509 2119 Johanna,
535 2063 689 2106 Deum
713 2077 896 2124 semper
919 2060 1145 2107 invocans
1168 2060 1488 2106 auxiliatorem
1514 2071 1560 2107 et
1574 2061 1674 2124 glo-

271 2136 445 2182 riosam
475 2137 668 2182 Domini
703 2138 852 2182 nostri
887 2140 993 2183 Jesu
1029 2137 1197 2182 Christi
1232 2137 1531 2200 genitricem,
1566 2139 1673 2200 igne

272 2223 556 2276 consumpta
578 2214 748 2259 exstitit
766 2217 791 2258 ¹.

334 2289 527 2335 Collecti
563 2290 703 2336 etiam
740 2292 928 2336 fuerunt
950 2291 1155 2336 universi
1184 2290 1389 2348 cineres,
1426 2308 1546 2354 quos
1581 2292 1673 2338 illic

268 2367 387 2427 ignis
417 2376 512 2411 tam
542 2365 600 2411 de
628 2367 765 2429 lignis
797 2384 939 2430 quam
962 2367 1021 2413 de
1043 2368 1154 2431 ipsis
1185 2384 1385 2431 corpore
1414 2378 1460 2413 et
1493 2368 1674 2414 ossibus

266 2443 541 2506 reliquerat,
569 2453 616 2489 et
632 2443 691 2489 de
708 2453 853 2508 ponte
870 2445 917 2489 in
942 2446 1207 2506 Sequanam
1232 2444 1450 2506 projecti,
1475 2460 1535 2489 ne
1558 2444 1672 2507 quid

268 2520 571 2583 reliquiarum
594 2521 802 2583 ejusdem
825 2521 980 2585 aliqua
997 2521 1151 2567 forsan
1166 2530 1325 2586 posset
1341 2521 1673 2585 superstitione

320 2703 356 2737 l.
386 2703 438 2737 Le
459 2702 506 2737 30
529 2699 602 2736 mai
619 2702 734 2738 1431.
