<?xml version="1.0" encoding="UTF-8"?>
<!DOCTYPE html PUBLIC "-//W3C//DTD XHTML 1.0 Transitional//EN"
    "http://www.w3.org/TR/xhtml1/DTD/xhtml1-transitional.dtd">
<html xmlns="http://www.w3.org/1999/xhtml" xml:lang="en" lang="en">
 <head>
  <title>
</title>
<meta http-equiv="Content-Type" content="text/html;charset=utf-8" />
  <meta name='ocr-system' content='tesseract 3.04.00' />
  <meta name='ocr-capabilities' content='ocr_page ocr_carea ocr_par ocr_line ocrx_word'/>
</head>
<body>
  <div class='ocr_page' id='page_1' title='image "./histoiredesrgn01basi_0272.png"; bbox 0 0 2037 3442; ppageno 0'>
   <div class='ocr_carea' id='block_1_1' title="bbox 398 319 1413 356">
    <p class='ocr_par' dir='ltr' id='par_1_1' title="bbox 398 319 1413 356">
     <span class='ocr_line' id='line_1_1' title="bbox 398 319 1413 356; baseline -0.002 0"><span class='ocrx_word' id='word_1_1' title='bbox 398 321 471 356; x_wconf 74' lang='lat'>100</span> <span class='ocrx_word' id='word_1_2' title='bbox 771 319 1109 356; x_wconf 86' lang='lat' dir='ltr'><strong>HISTORIARUM</strong></span> <span class='ocrx_word' id='word_1_3' title='bbox 1139 319 1318 355; x_wconf 90' lang='lat' dir='ltr'><strong>CAROLI</strong></span> <span class='ocrx_word' id='word_1_4' title='bbox 1346 321 1413 355; x_wconf 91' lang='lat' dir='ltr'>Vll</span> 
     </span>
    </p>
   </div>
   <div class='ocr_carea' id='block_1_2' title="bbox 817 523 1370 574">
    <p class='ocr_par' dir='ltr' id='par_1_2' title="bbox 817 523 1370 574">
     <span class='ocr_line' id='line_1_2' title="bbox 817 523 1370 574; baseline 0.002 -2"><span class='ocrx_word' id='word_1_5' title='bbox 817 523 1014 574; x_wconf 91' lang='lat' dir='ltr'>LIBER</span> <span class='ocrx_word' id='word_1_6' title='bbox 1070 523 1370 574; x_wconf 87' lang='lat' dir='ltr'><strong>TERTIUS.</strong></span> 
     </span>
    </p>
   </div>
   <div class='ocr_carea' id='block_1_3' title="bbox 783 800 1405 844">
    <p class='ocr_par' dir='ltr' id='par_1_3' title="bbox 783 800 1405 844">
     <span class='ocr_line' id='line_1_3' title="bbox 783 800 1405 844; baseline 0 -1"><span class='ocrx_word' id='word_1_7' title='bbox 783 800 1120 844; x_wconf 71' lang='lat' dir='ltr'><strong>(IAPITULUM</strong></span> <span class='ocrx_word' id='word_1_8' title='bbox 1156 800 1405 844; x_wconf 86' lang='lat' dir='ltr'><strong>PRIMUM.</strong></span> 
     </span>
    </p>
   </div>
   <div class='ocr_carea' id='block_1_4' title="bbox 391 919 1796 1025">
    <p class='ocr_par' dir='ltr' id='par_1_4' title="bbox 391 919 1796 1025">
     <span class='ocr_line' id='line_1_4' title="bbox 391 919 1795 966; baseline -0.001 -13"><span class='ocrx_word' id='word_1_9' title='bbox 391 920 599 964; x_wconf 80' lang='lat' dir='ltr'><strong>Quanquam</strong></span> <span class='ocrx_word' id='word_1_10' title='bbox 621 931 688 965; x_wconf 85' lang='lat' dir='ltr'>pax</span> <span class='ocrx_word' id='word_1_11' title='bbox 709 920 797 952; x_wconf 80' lang='lat' dir='ltr'>facta</span> <span class='ocrx_word' id='word_1_12' title='bbox 820 928 849 951; x_wconf 79' lang='lat' dir='ltr'>et</span> <span class='ocrx_word' id='word_1_13' title='bbox 871 921 986 965; x_wconf 80' lang='lat' dir='ltr'>jurata</span> <span class='ocrx_word' id='word_1_14' title='bbox 1004 920 1069 952; x_wconf 85' lang='lat' dir='ltr'>fuit</span> <span class='ocrx_word' id='word_1_15' title='bbox 1089 919 1180 952; x_wconf 86' lang='lat' dir='ltr'>inter</span> <span class='ocrx_word' id='word_1_16' title='bbox 1196 932 1312 964; x_wconf 76' lang='lat' dir='ltr'>regem</span> <span class='ocrx_word' id='word_1_17' title='bbox 1334 919 1500 952; x_wconf 82' lang='lat' dir='ltr'>Carolum</span> <span class='ocrx_word' id='word_1_18' title='bbox 1518 928 1549 952; x_wconf 86' lang='lat' dir='ltr'>et</span> <span class='ocrx_word' id='word_1_19' title='bbox 1574 919 1795 966; x_wconf 71' lang='lat' dir='ltr'>Philippum,</span> 
     </span>
     <span class='ocr_line' id='line_1_5' title="bbox 436 977 1796 1025; baseline 0 -13"><span class='ocrx_word' id='word_1_20' title='bbox 436 978 730 1025; x_wconf 83' lang='lat' dir='ltr'>Burgundionum</span> <span class='ocrx_word' id='word_1_21' title='bbox 750 977 896 1020; x_wconf 80' lang='lat' dir='ltr'>ducem,</span> <span class='ocrx_word' id='word_1_22' title='bbox 918 977 1110 1012; x_wconf 85' lang='lat' dir='ltr'>concordia</span> <span class='ocrx_word' id='word_1_23' title='bbox 1130 987 1245 1011; x_wconf 80' lang='lat' dir='ltr'>tamen</span> <span class='ocrx_word' id='word_1_24' title='bbox 1264 978 1358 1011; x_wconf 81' lang='lat' dir='ltr'>nulla</span> <span class='ocrx_word' id='word_1_25' title='bbox 1384 990 1448 1011; x_wconf 90' lang='lat' dir='ltr'>nec</span> <span class='ocrx_word' id='word_1_26' title='bbox 1472 977 1623 1011; x_wconf 81' lang='lat' dir='ltr'>amicitia</span> <span class='ocrx_word' id='word_1_27' title='bbox 1640 987 1699 1011; x_wconf 89' lang='lat' dir='ltr'>aut</span> <span class='ocrx_word' id='word_1_28' title='bbox 1721 991 1796 1013; x_wconf 82' lang='lat' dir='ltr'>rara</span> 
     </span>
    </p>
   </div>
   <div class='ocr_carea' id='block_1_5' title="bbox 439 1038 516 1073">
    <p class='ocr_par' dir='ltr' id='par_1_5' title="bbox 439 1038 516 1073">
     <span class='ocr_line' id='line_1_6' title="bbox 439 1038 516 1073; baseline 0.039 -3"><span class='ocrx_word' id='word_1_29' title='bbox 439 1038 516 1073; x_wconf 85' lang='lat' dir='ltr'>fuit.</span> 
     </span>
    </p>
   </div>
   <div class='ocr_carea' id='block_1_6' title="bbox 384 1166 1797 2838">
    <p class='ocr_par' dir='ltr' id='par_1_6' title="bbox 384 1166 1797 2746">
     <span class='ocr_line' id='line_1_7' title="bbox 454 1166 1797 1230; baseline -0.001 -18"><span class='ocrx_word' id='word_1_30' title='bbox 454 1170 569 1212; x_wconf 84' lang='lat' dir='ltr'>Pace</span> <span class='ocrx_word' id='word_1_31' title='bbox 599 1167 737 1227; x_wconf 76' lang='lat' dir='ltr'>igitur</span> <span class='ocrx_word' id='word_1_32' title='bbox 761 1167 879 1212; x_wconf 84' lang='lat' dir='ltr'>facta</span> <span class='ocrx_word' id='word_1_33' title='bbox 905 1176 948 1212; x_wconf 88' lang='lat' dir='ltr'>et</span> <span class='ocrx_word' id='word_1_34' title='bbox 984 1167 1232 1212; x_wconf 85' lang='lat' dir='ltr'>conciliata</span> <span class='ocrx_word' id='word_1_35' title='bbox 1265 1166 1392 1230; x_wconf 86' lang='lat' dir='ltr'>apud</span> <span class='ocrx_word' id='word_1_36' title='bbox 1422 1166 1716 1221; x_wconf 77' lang='lat' dir='ltr'><strong>Atrebatum,</strong></span> <span class='ocrx_word' id='word_1_37' title='bbox 1746 1177 1797 1212; x_wconf 85' lang='lat' dir='ltr'>ut</span> 
     </span>
     <span class='ocr_line' id='line_1_8' title="bbox 390 1243 1795 1307; baseline -0.001 -18"><span class='ocrx_word' id='word_1_38' title='bbox 390 1244 725 1307; x_wconf 60' lang='lat' dir='ltr'>praemisimus,</span> <span class='ocrx_word' id='word_1_39' title='bbox 767 1244 885 1289; x_wconf 81' lang='lat' dir='ltr'>inter</span> <span class='ocrx_word' id='word_1_40' title='bbox 924 1243 1167 1301; x_wconf 86' lang='lat' dir='ltr'>Carolum,</span> <span class='ocrx_word' id='word_1_41' title='bbox 1198 1246 1489 1288; x_wconf 76' lang='lat' dir='ltr'>Francorum</span> <span class='ocrx_word' id='word_1_42' title='bbox 1526 1259 1712 1304; x_wconf 82' lang='lat' dir='ltr'>regem,</span> <span class='ocrx_word' id='word_1_43' title='bbox 1751 1253 1795 1289; x_wconf 85' lang='lat' dir='ltr'>et</span> 
     </span>
     <span class='ocr_line' id='line_1_9' title="bbox 390 1319 1793 1383; baseline 0 -19"><span class='ocrx_word' id='word_1_44' title='bbox 390 1320 673 1383; x_wconf 72' lang='lat' dir='ltr'>Philippum,</span> <span class='ocrx_word' id='word_1_45' title='bbox 710 1319 1102 1380; x_wconf 77' lang='lat' dir='ltr'>Burgundionum</span> <span class='ocrx_word' id='word_1_46' title='bbox 1130 1319 1324 1379; x_wconf 77' lang='lat' dir='ltr'>ducem,</span> <span class='ocrx_word' id='word_1_47' title='bbox 1360 1336 1442 1383; x_wconf 80' lang='lat' dir='ltr'>per</span> <span class='ocrx_word' id='word_1_48' title='bbox 1467 1319 1793 1381; x_wconf 81' lang='lat' dir='ltr'>hujuscemodi</span> 
     </span>
     <span class='ocr_line' id='line_1_10' title="bbox 390 1396 1793 1460; baseline 0 -18"><span class='ocrx_word' id='word_1_49' title='bbox 390 1398 515 1460; x_wconf 83' lang='lat' dir='ltr'>pacis</span> <span class='ocrx_word' id='word_1_50' title='bbox 537 1397 763 1459; x_wconf 82' lang='lat' dir='ltr'>capitula,</span> <span class='ocrx_word' id='word_1_51' title='bbox 789 1396 991 1459; x_wconf 83' lang='lat' dir='ltr'>plurima</span> <span class='ocrx_word' id='word_1_52' title='bbox 1016 1396 1152 1442; x_wconf 87' lang='lat' dir='ltr'>valde</span> <span class='ocrx_word' id='word_1_53' title='bbox 1179 1396 1495 1442; x_wconf 75' lang='lat' dir='ltr'>favorabiliter</span> <span class='ocrx_word' id='word_1_54' title='bbox 1519 1414 1545 1442; x_wconf 86' lang='lat' dir='ltr'>a</span> <span class='ocrx_word' id='word_1_55' title='bbox 1573 1413 1681 1459; x_wconf 82' lang='lat' dir='ltr'>rege</span> <span class='ocrx_word' id='word_1_56' title='bbox 1707 1398 1793 1460; x_wconf 88' lang='lat' dir='ltr'>ipsi</span> 
     </span>
     <span class='ocr_line' id='line_1_11' title="bbox 388 1473 1792 1537; baseline -0.002 -17"><span class='ocrx_word' id='word_1_57' title='bbox 388 1490 610 1520; x_wconf 80' lang='lat' dir='ltr'>concessa</span> <span class='ocrx_word' id='word_1_58' title='bbox 638 1483 747 1518; x_wconf 88' lang='lat' dir='ltr'>sunt</span> <span class='ocrx_word' id='word_1_59' title='bbox 785 1473 1003 1537; x_wconf 78' lang='lat' dir='ltr'>Philippo</span> <span class='ocrx_word' id='word_1_60' title='bbox 1038 1484 1082 1519; x_wconf 87' lang='lat' dir='ltr'>et</span> <span class='ocrx_word' id='word_1_61' title='bbox 1115 1473 1314 1519; x_wconf 82' lang='lat' dir='ltr'>indulta.</span> <span class='ocrx_word' id='word_1_62' title='bbox 1345 1474 1531 1536; x_wconf 79' lang='lat' dir='ltr'>Accepit</span> <span class='ocrx_word' id='word_1_63' title='bbox 1556 1475 1682 1518; x_wconf 87' lang='lat' dir='ltr'>enim</span> <span class='ocrx_word' id='word_1_64' title='bbox 1706 1491 1792 1536; x_wconf 82' lang='lat' dir='ltr'>pro</span> 
     </span>
     <span class='ocr_line' id='line_1_12' title="bbox 391 1549 1792 1596; baseline -0.001 -1"><span class='ocrx_word' id='word_1_65' title='bbox 391 1568 437 1596; x_wconf 80' lang='lat' dir='ltr'>se</span> <span class='ocrx_word' id='word_1_66' title='bbox 471 1561 516 1595; x_wconf 85' lang='lat' dir='ltr'>et</span> <span class='ocrx_word' id='word_1_67' title='bbox 549 1550 814 1596; x_wconf 80' lang='lat' dir='ltr'>haeredibus</span> <span class='ocrx_word' id='word_1_68' title='bbox 851 1550 942 1594; x_wconf 85' lang='lat' dir='ltr'>suis</span> <span class='ocrx_word' id='word_1_69' title='bbox 977 1550 1184 1595; x_wconf 84' lang='lat' dir='ltr'>civitates</span> <span class='ocrx_word' id='word_1_70' title='bbox 1208 1559 1251 1594; x_wconf 86' lang='lat' dir='ltr'>et</span> <span class='ocrx_word' id='word_1_71' title='bbox 1289 1550 1539 1595; x_wconf 81' lang='lat' dir='ltr'>comitatus</span> <span class='ocrx_word' id='word_1_72' title='bbox 1572 1549 1792 1594; x_wconf 82' lang='lat' dir='ltr'>Autissio-</span> 
     </span>
     <span class='ocr_line' id='line_1_13' title="bbox 388 1627 1793 1691; baseline 0 -18"><span class='ocrx_word' id='word_1_73' title='bbox 388 1629 612 1673; x_wconf 81' lang='lat' dir='ltr'>dorenses</span> <span class='ocrx_word' id='word_1_74' title='bbox 636 1638 681 1673; x_wconf 83' lang='lat' dir='ltr'>et</span> <span class='ocrx_word' id='word_1_75' title='bbox 703 1629 1102 1684; x_wconf 80' lang='lat' dir='ltr'>Matisconenses,</span> <span class='ocrx_word' id='word_1_76' title='bbox 1131 1645 1240 1673; x_wconf 86' lang='lat' dir='ltr'>cum</span> <span class='ocrx_word' id='word_1_77' title='bbox 1276 1627 1490 1690; x_wconf 85' lang='lat' dir='ltr'>pluribus</span> <span class='ocrx_word' id='word_1_78' title='bbox 1522 1628 1619 1673; x_wconf 88' lang='lat' dir='ltr'>aliis</span> <span class='ocrx_word' id='word_1_79' title='bbox 1658 1629 1793 1691; x_wconf 86' lang='lat' dir='ltr'>oppi-</span> 
     </span>
     <span class='ocr_line' id='line_1_14' title="bbox 394 1704 1785 1766; baseline -0.001 -17"><span class='ocrx_word' id='word_1_80' title='bbox 394 1705 464 1750; x_wconf 74' lang='lat' dir='ltr'>&lt;iis</span> <span class='ocrx_word' id='word_1_81' title='bbox 511 1721 563 1749; x_wconf 83' lang='lat' dir='ltr'>ac</span> <span class='ocrx_word' id='word_1_82' title='bbox 601 1704 732 1749; x_wconf 85' lang='lat' dir='ltr'>terris</span> <span class='ocrx_word' id='word_1_83' title='bbox 774 1720 876 1766; x_wconf 79' lang='lat' dir='ltr'>quae</span> <span class='ocrx_word' id='word_1_84' title='bbox 911 1704 1028 1765; x_wconf 84' lang='lat' dir='ltr'>juris</span> <span class='ocrx_word' id='word_1_85' title='bbox 1066 1721 1253 1749; x_wconf 60' lang='lat' dir='ltr'>coronae</span> <span class='ocrx_word' id='word_1_86' title='bbox 1288 1714 1332 1749; x_wconf 88' lang='lat' dir='ltr'>et</span> <span class='ocrx_word' id='word_1_87' title='bbox 1371 1704 1594 1765; x_wconf 73' lang='lat' dir='ltr'>regalium</span> <span class='ocrx_word' id='word_1_88' title='bbox 1637 1714 1785 1748; x_wconf 81' lang='lat' dir='ltr'>erant.</span> 
     </span>
     <span class='ocr_line' id='line_1_15' title="bbox 398 1780 1789 1845; baseline -0.001 -18"><span class='ocrx_word' id='word_1_89' title='bbox 398 1782 580 1845; x_wconf 76' lang='lat' dir='ltr'>Accepit</span> <span class='ocrx_word' id='word_1_90' title='bbox 610 1790 656 1826; x_wconf 86' lang='lat' dir='ltr'>et</span> <span class='ocrx_word' id='word_1_91' title='bbox 688 1781 894 1825; x_wconf 82' lang='lat' dir='ltr'>civitates</span> <span class='ocrx_word' id='word_1_92' title='bbox 927 1797 1091 1825; x_wconf 84' lang='lat' dir='ltr'>omnes</span> <span class='ocrx_word' id='word_1_93' title='bbox 1126 1791 1264 1842; x_wconf 85' lang='lat' dir='ltr'>atque</span> <span class='ocrx_word' id='word_1_94' title='bbox 1295 1780 1480 1825; x_wconf 84' lang='lat' dir='ltr'>castella</span> <span class='ocrx_word' id='word_1_95' title='bbox 1513 1781 1585 1825; x_wconf 63' lang='lat' dir='ltr'>xel</span> <span class='ocrx_word' id='word_1_96' title='bbox 1613 1780 1789 1843; x_wconf 80' lang='lat' dir='ltr'>oppida</span> 
     </span>
     <span class='ocr_line' id='line_1_16' title="bbox 387 1857 1788 1922; baseline -0.001 -19"><span class='ocrx_word' id='word_1_97' title='bbox 387 1875 490 1922; x_wconf 80' lang='lat' dir='ltr'>quae</span> <span class='ocrx_word' id='word_1_98' title='bbox 522 1874 662 1921; x_wconf 80' lang='lat' dir='ltr'>supra</span> <span class='ocrx_word' id='word_1_99' title='bbox 694 1857 870 1902; x_wconf 80' lang='lat' dir='ltr'>flumen</span> <span class='ocrx_word' id='word_1_100' title='bbox 911 1858 1181 1902; x_wconf 77' lang='lat' dir='ltr'>Summonae</span> <span class='ocrx_word' id='word_1_101' title='bbox 1211 1874 1265 1902; x_wconf 82' lang='lat' dir='ltr'>ex</span> <span class='ocrx_word' id='word_1_102' title='bbox 1304 1866 1502 1919; x_wconf 82' lang='lat' dir='ltr'>utraque</span> <span class='ocrx_word' id='word_1_103' title='bbox 1530 1857 1629 1920; x_wconf 85' lang='lat' dir='ltr'>ripa</span> <span class='ocrx_word' id='word_1_104' title='bbox 1664 1874 1788 1902; x_wconf 89' lang='lat' dir='ltr'>con-</span> 
     </span>
     <span class='ocr_line' id='line_1_17' title="bbox 388 1931 1786 1995; baseline -0.001 -16"><span class='ocrx_word' id='word_1_105' title='bbox 388 1936 578 1992; x_wconf 82' lang='lat' dir='ltr'>sistunt,</span> <span class='ocrx_word' id='word_1_106' title='bbox 618 1932 850 1995; x_wconf 84' lang='lat' dir='ltr'>simulque</span> <span class='ocrx_word' id='word_1_107' title='bbox 891 1934 1051 1978; x_wconf 87' lang='lat' dir='ltr'>omnia</span> <span class='ocrx_word' id='word_1_108' title='bbox 1081 1949 1183 1995; x_wconf 76' lang='lat' dir='ltr'>quae</span> <span class='ocrx_word' id='word_1_109' title='bbox 1230 1931 1350 1977; x_wconf 83' lang='lat' dir='ltr'>ultra</span> <span class='ocrx_word' id='word_1_110' title='bbox 1396 1933 1573 1977; x_wconf 81' lang='lat' dir='ltr'>dictum</span> <span class='ocrx_word' id='word_1_111' title='bbox 1611 1933 1786 1977; x_wconf 79' lang='lat' dir='ltr'>flumen</span> 
     </span>
     <span class='ocr_line' id='line_1_18' title="bbox 387 2009 1788 2071; baseline -0.001 -14"><span class='ocrx_word' id='word_1_112' title='bbox 387 2021 520 2064; x_wconf 88' lang='lat' dir='ltr'>sunt,</span> <span class='ocrx_word' id='word_1_113' title='bbox 567 2027 726 2055; x_wconf 77' lang='lat' dir='ltr'>versus</span> <span class='ocrx_word' id='word_1_114' title='bbox 757 2009 1047 2068; x_wconf 80' lang='lat' dir='ltr'>Flandrianl,</span> <span class='ocrx_word' id='word_1_115' title='bbox 1077 2019 1171 2055; x_wconf 82' lang='lat' dir='ltr'>tam</span> <span class='ocrx_word' id='word_1_116' title='bbox 1215 2010 1261 2054; x_wconf 88' lang='lat' dir='ltr'>in</span> <span class='ocrx_word' id='word_1_117' title='bbox 1297 2026 1440 2071; x_wconf 80' lang='lat' dir='ltr'>regno</span> <span class='ocrx_word' id='word_1_118' title='bbox 1474 2026 1613 2071; x_wconf 85' lang='lat' dir='ltr'>quam</span> <span class='ocrx_word' id='word_1_119' title='bbox 1660 2020 1788 2055; x_wconf 82' lang='lat' dir='ltr'>extra</span> 
     </span>
     <span class='ocr_line' id='line_1_19' title="bbox 388 2086 1787 2149; baseline 0 -17"><span class='ocrx_word' id='word_1_120' title='bbox 388 2104 609 2149; x_wconf 75' lang='lat' dir='ltr'>regnum,</span> <span class='ocrx_word' id='word_1_121' title='bbox 653 2087 699 2131; x_wconf 86' lang='lat' dir='ltr'>in</span> <span class='ocrx_word' id='word_1_122' title='bbox 742 2087 873 2131; x_wconf 71' lang='lat' dir='ltr'>terris</span> <span class='ocrx_word' id='word_1_123' title='bbox 902 2086 1090 2149; x_wconf 83' lang='lat' dir='ltr'>Imperii</span> <span class='ocrx_word' id='word_1_124' title='bbox 1131 2086 1458 2144; x_wconf 78' lang='lat' dir='ltr'>consistentia,</span> <span class='ocrx_word' id='word_1_125' title='bbox 1492 2102 1595 2147; x_wconf 82' lang='lat' dir='ltr'>quae</span> <span class='ocrx_word' id='word_1_126' title='bbox 1625 2086 1685 2131; x_wconf 84' lang='lat' dir='ltr'>ad</span> <span class='ocrx_word' id='word_1_127' title='bbox 1713 2091 1787 2149; x_wconf 85' lang='lat' dir='ltr'>jus</span> 
     </span>
     <span class='ocr_line' id='line_1_20' title="bbox 386 2162 1787 2226; baseline -0.001 -16"><span class='ocrx_word' id='word_1_128' title='bbox 386 2166 565 2226; x_wconf 84' lang='lat' dir='ltr'>regium</span> <span class='ocrx_word' id='word_1_129' title='bbox 602 2163 914 2226; x_wconf 67' lang='lat' dir='ltr'>pertinebant,</span> <span class='ocrx_word' id='word_1_130' title='bbox 956 2162 1046 2207; x_wconf 72' lang='lat' dir='ltr'>Sed</span> <span class='ocrx_word' id='word_1_131' title='bbox 1083 2162 1353 2224; x_wconf 69' lang='lat' dir='ltr'>hujusmodi</span> <span class='ocrx_word' id='word_1_132' title='bbox 1400 2172 1541 2207; x_wconf 81' lang='lat' dir='ltr'>terras</span> <span class='ocrx_word' id='word_1_133' title='bbox 1582 2163 1787 2208; x_wconf 78' lang='lat' dir='ltr'>fluminis</span> 
     </span>
     <span class='ocr_line' id='line_1_21' title="bbox 385 2238 1788 2295; baseline -0.001 -8"><span class='ocrx_word' id='word_1_134' title='bbox 385 2245 655 2287; x_wconf 80' lang='lat' dir='ltr'>Sumnionae</span> <span class='ocrx_word' id='word_1_135' title='bbox 679 2257 787 2285; x_wconf 81' lang='lat' dir='ltr'>cum</span> <span class='ocrx_word' id='word_1_136' title='bbox 810 2256 972 2285; x_wconf 83' lang='lat' dir='ltr'>earum</span> <span class='ocrx_word' id='word_1_137' title='bbox 998 2239 1241 2295; x_wconf 81' lang='lat' dir='ltr'>fructibus,</span> <span class='ocrx_word' id='word_1_138' title='bbox 1270 2238 1662 2295; x_wconf 75' lang='lat' dir='ltr'>obventionibus,</span> <span class='ocrx_word' id='word_1_139' title='bbox 1688 2256 1788 2285; x_wconf 56' lang='lat' dir='ltr'>voco</span> 
     </span>
     <span class='ocr_line' id='line_1_22' title="bbox 388 2315 1781 2381; baseline -0.002 -17"><span class='ocrx_word' id='word_1_140' title='bbox 388 2319 601 2381; x_wconf 80' lang='lat' dir='ltr'>tigalibus</span> <span class='ocrx_word' id='word_1_141' title='bbox 627 2334 679 2363; x_wconf 85' lang='lat' dir='ltr'>ac</span> <span class='ocrx_word' id='word_1_142' title='bbox 706 2317 888 2362; x_wconf 83' lang='lat' dir='ltr'>tributis</span> <span class='ocrx_word' id='word_1_143' title='bbox 912 2317 1089 2379; x_wconf 86' lang='lat' dir='ltr'>accepit</span> <span class='ocrx_word' id='word_1_144' title='bbox 1120 2315 1347 2361; x_wconf 85' lang='lat' dir='ltr'>tenendas</span> <span class='ocrx_word' id='word_1_145' title='bbox 1374 2332 1427 2360; x_wconf 89' lang='lat' dir='ltr'>ac</span> <span class='ocrx_word' id='word_1_146' title='bbox 1460 2316 1781 2378; x_wconf 80' lang='lat' dir='ltr'>possidendas,</span> 
     </span>
     <span class='ocr_line' id='line_1_23' title="bbox 387 2392 1784 2458; baseline -0.002 -18"><span class='ocrx_word' id='word_1_147' title='bbox 387 2395 698 2458; x_wconf 82' lang='lat' dir='ltr'>quoadusque</span> <span class='ocrx_word' id='word_1_148' title='bbox 722 2410 808 2457; x_wconf 82' lang='lat' dir='ltr'>pro</span> <span class='ocrx_word' id='word_1_149' title='bbox 827 2410 986 2438; x_wconf 82' lang='lat' dir='ltr'>earum</span> <span class='ocrx_word' id='word_1_150' title='bbox 1007 2393 1201 2437; x_wconf 77' lang='lat' dir='ltr'>luitione</span> <span class='ocrx_word' id='word_1_151' title='bbox 1220 2392 1307 2436; x_wconf 86' lang='lat' dir='ltr'>sibi</span> <span class='ocrx_word' id='word_1_152' title='bbox 1332 2392 1784 2454; x_wconf 74' lang='lat' dir='ltr'>quadringentoruni</span> 
     </span>
     <span class='ocr_line' id='line_1_24' title="bbox 387 2469 1784 2533; baseline -0.002 -16"><span class='ocrx_word' id='word_1_153' title='bbox 387 2472 512 2517; x_wconf 84' lang='lat' dir='ltr'>mille</span> <span class='ocrx_word' id='word_1_154' title='bbox 547 2481 789 2517; x_wconf 76' lang='lat' dir='ltr'>scutorum</span> <span class='ocrx_word' id='word_1_155' title='bbox 821 2487 1006 2515; x_wconf 73' lang='lat' dir='ltr'>sumnia</span> <span class='ocrx_word' id='word_1_156' title='bbox 1046 2469 1284 2533; x_wconf 76' lang='lat' dir='ltr'>persoluta</span> <span class='ocrx_word' id='word_1_157' title='bbox 1314 2480 1456 2526; x_wconf 79' lang='lat' dir='ltr'>esset,</span> <span class='ocrx_word' id='word_1_158' title='bbox 1487 2480 1566 2515; x_wconf 83' lang='lat' dir='ltr'>aut</span> <span class='ocrx_word' id='word_1_159' title='bbox 1588 2469 1784 2515; x_wconf 80' lang='lat' dir='ltr'>haeredi-</span> 
     </span>
     <span class='ocr_line' id='line_1_25' title="bbox 384 2546 1782 2610; baseline -0.001 -17"><span class='ocrx_word' id='word_1_160' title='bbox 384 2548 472 2593; x_wconf 79' lang='lat' dir='ltr'>bus</span> <span class='ocrx_word' id='word_1_161' title='bbox 498 2567 506 2593; x_wconf 78' lang='lat' dir='ltr'>t</span> <span class='ocrx_word' id='word_1_162' title='bbox 535 2565 588 2593; x_wconf 86' lang='lat' dir='ltr'>ea</span> <span class='ocrx_word' id='word_1_163' title='bbox 610 2548 783 2593; x_wconf 81' lang='lat' dir='ltr'>etenim</span> <span class='ocrx_word' id='word_1_164' title='bbox 806 2563 990 2593; x_wconf 82' lang='lat' dir='ltr'>summa</span> <span class='ocrx_word' id='word_1_165' title='bbox 1018 2546 1278 2610; x_wconf 80' lang='lat' dir='ltr'>persoluta⁷</span> <span class='ocrx_word' id='word_1_166' title='bbox 1308 2546 1530 2592; x_wconf 83' lang='lat' dir='ltr'>fructibus</span> <span class='ocrx_word' id='word_1_167' title='bbox 1553 2564 1713 2593; x_wconf 83' lang='lat' dir='ltr'>earum</span> <span class='ocrx_word' id='word_1_168' title='bbox 1738 2547 1782 2592; x_wconf 89' lang='lat' dir='ltr'>in</span> 
     </span>
     <span class='ocr_line' id='line_1_26' title="bbox 387 2622 1781 2687; baseline -0.001 -18"><span class='ocrx_word' id='word_1_169' title='bbox 387 2641 489 2669; x_wconf 86' lang='lat' dir='ltr'>cam</span> <span class='ocrx_word' id='word_1_170' title='bbox 526 2625 718 2670; x_wconf 84' lang='lat' dir='ltr'>minime</span> <span class='ocrx_word' id='word_1_171' title='bbox 752 2624 1013 2687; x_wconf 79' lang='lat' dir='ltr'>imputatis,</span> <span class='ocrx_word' id='word_1_172' title='bbox 1041 2623 1099 2668; x_wconf 85' lang='lat' dir='ltr'>ad</span> <span class='ocrx_word' id='word_1_173' title='bbox 1131 2622 1206 2685; x_wconf 88' lang='lat' dir='ltr'>jus</span> <span class='ocrx_word' id='word_1_174' title='bbox 1235 2639 1423 2668; x_wconf 64' lang='lat' dir='ltr'>coronae</span> <span class='ocrx_word' id='word_1_175' title='bbox 1456 2622 1781 2685; x_wconf 81' lang='lat' dir='ltr'>hujuscemodi</span> 
     </span>
     <span class='ocr_line' id='line_1_27' title="bbox 385 2700 1685 2746; baseline 0 0"><span class='ocrx_word' id='word_1_176' title='bbox 385 2710 516 2746; x_wconf 74' lang='lat' dir='ltr'>terrae</span> <span class='ocrx_word' id='word_1_177' title='bbox 539 2700 684 2745; x_wconf 81' lang='lat' dir='ltr'>libere</span> <span class='ocrx_word' id='word_1_178' title='bbox 708 2710 753 2744; x_wconf 84' lang='lat' dir='ltr'>et</span> <span class='ocrx_word' id='word_1_179' title='bbox 777 2702 876 2746; x_wconf 81' lang='lat' dir='ltr'>sine</span> <span class='ocrx_word' id='word_1_180' title='bbox 902 2702 1222 2746; x_wconf 78' lang='lat' dir='ltr'>controversia</span> <span class='ocrx_word' id='word_1_181' title='bbox 1246 2702 1414 2746; x_wconf 84' lang='lat' dir='ltr'>reverti</span> <span class='ocrx_word' id='word_1_182' title='bbox 1435 2700 1685 2746; x_wconf 81' lang='lat' dir='ltr'>debebant.</span> 
     </span>
    </p>

    <p class='ocr_par' dir='ltr' id='par_1_7' title="bbox 451 2776 1780 2838">
     <span class='ocr_line' id='line_1_28' title="bbox 451 2776 1780 2838; baseline 0 -18"><span class='ocrx_word' id='word_1_183' title='bbox 451 2780 567 2821; x_wconf 69' lang='lat' dir='ltr'>(jum</span> <span class='ocrx_word' id='word_1_184' title='bbox 597 2784 752 2820; x_wconf 64' lang='lat' dir='ltr'>autem</span> <span class='ocrx_word' id='word_1_185' title='bbox 785 2786 878 2820; x_wconf 84' lang='lat' dir='ltr'>tam</span> <span class='ocrx_word' id='word_1_186' title='bbox 911 2792 1020 2820; x_wconf 81' lang='lat' dir='ltr'>caro</span> <span class='ocrx_word' id='word_1_187' title='bbox 1044 2785 1198 2838; x_wconf 80' lang='lat' dir='ltr'>empta</span> <span class='ocrx_word' id='word_1_188' title='bbox 1229 2776 1384 2821; x_wconf 80' lang='lat' dir='ltr'>fuisset</span> <span class='ocrx_word' id='word_1_189' title='bbox 1409 2793 1492 2838; x_wconf 83' lang='lat' dir='ltr'>per</span> <span class='ocrx_word' id='word_1_190' title='bbox 1514 2792 1667 2838; x_wconf 84' lang='lat' dir='ltr'>regem</span> <span class='ocrx_word' id='word_1_191' title='bbox 1694 2791 1780 2838; x_wconf 73' lang='lat' dir='ltr'>pax</span> 
     </span>
    </p>
   </div>
  </div>
 </body>
</html>
