2037 3442
606 355 749 389 LIBER
778 353 1027 390 SECUNDUS
1036 383 1043 389 .
1473 352 1522 387 53

136 436 335 481 victores
359 435 622 480 evasissent.
653 437 754 479 Non
779 451 969 498 parvam
989 435 1127 495 igitur
1145 450 1197 479 ex
1220 433 1312 478 hoc
1329 433 1526 477 infortu-

138 512 215 556 nio
235 528 428 572 regnum
450 514 735 556 Francorum
754 512 1004 557 dixerimus
1027 520 1330 556 consecutum
1346 510 1526 555 felicita-

136 598 249 645 tem,
277 589 314 633 si
332 598 425 633 tam
448 588 660 633 immanis
687 589 872 634 feritatis
899 589 1191 652 propositum
1215 587 1524 634 barbarorum

138 667 386 709 Scotorum
410 665 576 709 animis
599 665 863 711 incesserat.

203 740 363 785 Praelio
398 749 553 784 autem
587 741 825 794 confecto,
864 751 907 785 et
942 740 1169 803 oppidum
1215 739 1451 794 Vernolii,
1483 748 1529 783 et

139 816 286 861 multa
317 816 402 860 alia
434 816 618 862 castella
646 816 884 862 deditione
914 816 1007 877 regi
1036 815 1286 876 Anglorum
1323 829 1529 858 accesse-

140 902 269 950 runt,
309 909 434 951 cum,
473 894 704 955 oppressis
743 903 786 938 et
821 893 1052 938 exstinctis
1080 907 1104 935 a
1137 890 1304 951 quibus
1339 888 1528 933 defendi

140 969 416 1031 potuissent,
444 985 610 1031 parum
640 979 718 1014 aut
742 968 855 1013 nihil
879 968 1029 1014 solatii
1052 966 1307 1029 praesidiive
1337 981 1363 1010 a
1390 968 1529 1009 Fran-

140 1045 204 1089 cis
229 1045 452 1107 consequi
471 1044 776 1090 confiderent.

618 1252 950 1295 CAPITULUM
986 1253 1041 1294 V.

140 1377 331 1420 Quomodo
354 1387 431 1424 post
447 1378 576 1411 cladem
595 1387 770 1424 acceptam
788 1377 883 1424 apud
898 1377 1106 1411 Vernolium
1118 1378 1256 1419 Franci,
1277 1389 1382 1423 opera
1399 1377 1516 1410 comiti

428 1438 612 1479 Duuensis,
634 1438 782 1483 Anglicis
799 1437 1020 1470 resistentiam
1043 1436 1229 1470 dederunt.

207 1562 299 1603 Nec
333 1568 485 1603 tamen
514 1560 573 1604 ita
605 1559 788 1604 Francis
820 1558 1039 1604 omnibus
1063 1559 1245 1604 animus
1272 1556 1529 1616 exciderat,

141 1636 252 1698 quin
287 1636 426 1681 etiam
457 1636 515 1681 de
548 1635 882 1698 restinguendo
908 1635 1126 1680 incendio
1152 1635 1450 1696 tutandisque
1484 1634 1533 1678 fi-

142 1712 279 1757 nibus
304 1711 445 1774 aliqui
468 1714 739 1773 cogitarent.
774 1716 879 1757 Erat
903 1722 1002 1757 tum
1028 1713 1074 1757 in
1100 1711 1245 1756 domo
1276 1711 1401 1772 regia
1423 1727 1531 1756 cum

141 1789 241 1851 ipso
259 1805 365 1851 rege
384 1790 584 1833 nutritus
601 1798 643 1833 et
665 1788 746 1833 sibi
771 1805 891 1851 pene
907 1804 1086 1833 coaevus
1110 1786 1296 1832 illustris
1311 1789 1528 1844 Joannes,

141 1865 361 1911 naturalis
385 1864 505 1909 filius
534 1865 874 1910 Aurelianensis
898 1865 1047 1922 ducis,
1071 1881 1211 1926 quem
1236 1879 1376 1927 supra
1399 1880 1532 1909 neca-

142 1951 240 1985 tum
274 1941 411 1986 fuisse
445 1942 626 1986 Parisiis
658 1942 917 2000 retulimus,
945 1941 1022 2003 qni
1046 1940 1262 1985 nondum
1292 1957 1417 1987 arma
1450 1941 1533 1987 ali-

143 2032 235 2078 qua
266 2017 529 2076 induerat¹‚
559 2017 724 2079 dignus
754 2018 834 2079 qui
866 2034 962 2063 non
996 2016 1139 2062 modo
1167 2016 1376 2078 ejusdem
1401 2017 1533 2063 ducis

196 2160 233 2195 1.
264 2159 416 2193 Erreur.
441 2160 493 2194 Le
516 2157 648 2194 batard
671 2158 879 2205 d'Orleans,
908 2157 1006 2195 alors
1025 2157 1093 2208 age
1125 2157 1170 2194 de
1191 2157 1422 2208 vingt-deux
1450 2171 1531 2204 ans,

143 2215 359 2252 combattait
379 2215 511 2265 depuis
531 2230 597 2252 son
618 2216 859 2253 adolescence
879 2229 975 2266 pour
993 2216 1028 2253 le
1046 2216 1143 2266 parti
1161 2215 1327 2265 qu'avait
1345 2216 1480 2252 suscite
1500 2217 1535 2254 le

143 2274 314 2311 malheur
328 2274 374 2311 de
389 2288 428 2311 sa
444 2275 596 2311 famille.
612 2278 696 2312 Une
713 2275 844 2312 cedule
858 2275 904 2312 de
916 2276 1098 2312 l‘an1418
1113 2276 1148 2313 le
1160 2276 1375 2326 represente
1389 2289 1535 2313 comme

147 2351 162 2365 «
189 2342 306 2370 estant
335 2333 548 2383 prisonnier
570 2336 590 2370 a
611 2335 937 2372 Sainct-Germain
968 2349 1013 2372 en
1045 2339 1166 2386 Laye,
1194 2336 1374 2373 d’aucuns
1404 2344 1535 2374 tenans

143 2393 176 2429 le
196 2402 304 2443 party
324 2392 374 2429 du
394 2392 465 2429 duc
489 2393 535 2429 de
560 2394 838 2444 Bourgoingne.
871 2411 887 2426 n
912 2396 1070 2445 D’apres
1093 2395 1258 2432 d'autres
1277 2394 1393 2442 utres,
1416 2394 1440 2430 il
1462 2395 1537 2446 prit

143 2453 178 2489 le
204 2462 503 2504 gouvernement.
523 2453 569 2489 de
590 2453 809 2490 l'Orleanais
828 2468 925 2504 pour
944 2454 978 2490 le
1004 2454 1076 2490 duc
1093 2454 1307 2504 prisonnier
1326 2467 1373 2491 en
1392 2454 1535 2505 Angle-

144 2521 257 2558 terre,
279 2511 437 2548 aussitot
456 2513 564 2562 apres
588 2512 622 2548 la
645 2521 742 2549 mort
760 2513 805 2549 de
826 2526 891 2549 son
909 2513 1007 2550 frere
1026 2513 1200 2563 Philippe
1221 2514 1368 2560 (1420),
1386 2520 1421 2549 et
1439 2513 1462 2548 il
1483 2513 1536 2549 sut

142 2571 212 2607 mis
231 2584 277 2607 en
294 2583 382 2607 nom
404 2570 496 2607 dans
515 2570 568 2608 les
588 2580 686 2608 actes
715 2581 944 2621 moyennant
964 2573 1000 2609 la
1018 2573 1178 2609 sormule
1206 2587 1212 2609 :
1242 2591 1255 2604 «
1279 2576 1351 2610 Par
1369 2573 1535 2609 monsei-

147 2643 268 2680 gneur
283 2629 317 2665 le
337 2629 425 2676 duc,
449 2632 468 2666 a
487 2630 521 2666 la
537 2630 700 2667 relacion
720 2631 769 2668 du
785 2633 923 2668 conseil
940 2634 1078 2682 ouquel
1099 2632 1207 2669 estoit
1221 2632 1486 2682 monscigneur
1502 2632 1537 2670 le

142 2688 285 2725 bastart
309 2689 516 2726 d’Orleans.
544 2707 560 2721 n
592 2691 643 2726 Or
667 2703 717 2727 un
741 2704 983 2742 gouverneur
1005 2692 1050 2728 de
1075 2692 1256 2742 province
1283 2691 1447 2740 exereait
1466 2691 1537 2727 ne'-

142 2748 407 2785 cessairement
435 2749 469 2786 la
497 2749 707 2800 profession
735 2750 799 2787 des
818 2764 940 2788 armes
963 2753 1022 2798 (A.
1055 2754 1333 2797 CHAMPOLLION‚
1367 2755 1477 2789 Lozcis
1502 2758 1539 2787 et

145 2809 295 2845 Charles
316 2810 529 2853 (l'Orle'ans,
554 2817 578 2847 t.
603 2812 634 2855 I,
660 2824 697 2860 p.
730 2812 819 2858 315,
850 2813 953 2860 330).
986 2813 1094 2849 Enfin
1117 2812 1151 2849 le
1175 2814 1223 2848 15
1248 2811 1342 2849 avril
1364 2813 1480 2857 1421,
1509 2811 1534 2847 il
