2037 3442
437 368 483 400 422
810 365 1148 399 HISTORIARUM
1177 366 1354 401 CAROLI
1381 368 1449 401 VII

433 455 561 508 parte
581 446 780 508 potitus,
805 445 1057 507 aliquando
1081 456 1272 504 neutro,
1299 447 1536 492 interdum
1561 448 1704 493 altero
1729 460 1826 495 tan-

434 531 554 578 tum;
585 520 645 566 ad
676 530 939 565 extremum
971 530 1171 584 utroque
1195 522 1332 567 simul
1362 538 1472 568 cum
1509 525 1601 569 vita
1622 525 1827 587 privatus

432 606 477 640 et
507 595 711 641 violenta
740 605 891 641 morte
923 596 1204 656 suffocatus,
1233 614 1316 660 per
1345 614 1454 643 suos
1487 599 1655 661 Anglos
1686 616 1828 645 occu-

433 673 549 720 buit.

496 752 683 796 Mortuo
707 759 863 795 autem
885 749 1075 812 praefato
1100 750 1353 813 Anglorum
1389 768 1496 813 rege
1512 789 1522 809 ,
1549 768 1705 814 quem,
1732 752 1829 798 del-

434 827 582 890 phino
601 843 626 871 a
645 835 774 889 patre
800 842 885 871 suo
910 825 1219 886 exhaeredato,
1243 826 1475 872 haeredem
1491 837 1536 872 et
1550 827 1830 889 gubernato-

434 921 533 950 rem
566 904 766 949 Franciae
790 903 963 948 factum
994 919 1133 966 supra
1157 902 1425 962 retulimus,
1450 902 1583 948 brevi
1608 905 1831 967 temporis

435 980 677 1025 intervallo
717 989 846 1042 post,
880 988 927 1024 et
963 979 1060 1041 ipse
1098 979 1293 1024 Carolus
1327 979 1468 1040 hujus
1506 980 1712 1024 nominis
1747 982 1826 1037 VI,

435 1059 724 1102 Francorum
769 1072 875 1114 rex,
914 1072 1022 1101 cum
1067 1065 1303 1117 regnasset
1353 1055 1486 1100 annis
1527 1055 1832 1116 quadraginta

436 1134 581 1190 octo¹,
600 1133 776 1194 majore
791 1149 844 1177 ex
863 1141 993 1195 parte
1013 1141 1265 1195 postquam
1285 1132 1536 1176 amentiam
1554 1132 1828 1187 incurrerat,

436 1226 490 1255 ex
513 1209 602 1254 hac
636 1208 839 1254 instabili
873 1210 977 1254 luce
1007 1217 1238 1254 extractus
1262 1207 1408 1266 obiit,
1436 1207 1701 1270 relinquens
1730 1224 1832 1269 reg-

437 1303 575 1344 num,
609 1286 714 1348 jure
749 1285 940 1348 quidem
975 1284 1033 1330 ad
1067 1284 1288 1330 Carolum
1324 1286 1428 1341 Vll,
1457 1283 1603 1329 filium
1642 1284 1834 1329 unicum

436 1361 523 1406 sibi
544 1362 839 1424 superstitem
855 1396 866 1418 ,
890 1370 936 1405 et
957 1360 1184 1405 naturalis
1215 1360 1524 1405 successionis
1544 1360 1734 1416 ordine,
1759 1360 1837 1405 de-

438 1438 677 1495 volutum,
705 1438 811 1482 licet
847 1447 957 1482 tunc
992 1453 1160 1497 magna
1190 1453 1243 1481 ex
1268 1446 1399 1499 parte
1432 1436 1491 1482 ab
1518 1437 1673 1498 Anglis
1704 1436 1832 1497 regni

422 1515 651 1560 'hostibus
691 1524 1000 1577 occupatum,
1037 1513 1248 1558 civilibus
1282 1530 1395 1558 vero
1431 1523 1570 1575 atque
1608 1513 1834 1558 intestinis

437 1592 810 1637 dissensionibus
853 1591 1008 1647 nimis,
1045 1590 1166 1653 proh
1199 1588 1366 1635 dolor!
1407 1590 1659 1635 laceratum
1694 1600 1833 1651 atque

438 1667 782 1731 perturbatum.

503 1746 558 1787 Et
589 1743 697 1805 quia
735 1744 779 1787 in
814 1743 1210 1804 consequentibus
1241 1752 1366 1803 gesta
1400 1742 1542 1804 ipsius
1571 1742 1723 1786 Caroli
1758 1745 1832 1786 Vll

439 1836 536 1865 non
559 1819 655 1880 jam
675 1818 911 1881 delphini,
936 1819 1043 1864 licet
1064 1818 1191 1863 hunc
1215 1819 1366 1863 solum
1389 1817 1473 1862 sibi
1494 1817 1676 1862 titulum
1702 1818 1834 1879 Angli

439 1907 484 1942 et
518 1895 875 1956 Burgundiones
903 1894 1043 1940 etiam
1076 1905 1187 1939 tunc
1224 1894 1479 1949 deferrent,
1520 1893 1600 1938 sed
1637 1910 1691 1939 ex
1723 1904 1833 1939 tunc

440 1973 557 2035 regis
579 1975 865 2017 Francorum
888 1971 1079 2032 legitimi
1097 1980 1143 2015 et
1165 1970 1409 2028 naturalis,
1432 1970 1665 2016 narranda
1689 1988 1836 2017 susce-

440 2050 625 2113 pimus,
654 2065 713 2093 ne
744 2048 887 2092 nimia
914 2047 1017 2092 libri
1044 2048 1282 2110 prolixitas
1312 2047 1573 2109 legentibus
1600 2048 1835 2094 fastidiosa

440 2130 518 2187 sit,
535 2129 627 2174 hoc
645 2129 844 2174 termino
861 2127 1034 2173 librum
1052 2127 1179 2172 hunc
1194 2128 1528 2172 convenienter
1546 2127 1832 2186 claudentes,

440 2206 681 2268 sequentia
705 2222 759 2250 ex
782 2205 969 2250 alterius
993 2203 1236 2248 ordiemur
1260 2203 1406 2247 initio.

494 2359 507 2392 1
524 2388 530 2396 ,
562 2356 590 2392 Il
625 2355 787 2393 faudrait
818 2354 956 2391 duobus
971 2383 980 2399 ,
1016 2354 1177 2404 puisque
1210 2352 1363 2390 Charles
1400 2355 1448 2390 VI
1487 2354 1604 2404 regna
1641 2354 1773 2404 depuis
1799 2354 1834 2391 le

443 2417 490 2451 16
510 2414 723 2465 septembre
744 2416 844 2452 1380
859 2414 1036 2463 jusqu'au
1057 2415 1101 2449 21
1126 2411 1281 2449 octobre
1302 2413 1417 2448 1422.

907 2644 1076 2667 EXPLICIT
1105 2643 1140 2665 L!
1146 2644 1212 2666 BER
1235 2643 1368 2666 PMMUS
1375 2659 1381 2665 .
