2037 3442
692 342 837 378 LIBER
868 342 1109 389 QUARTUS.
1535 342 1610 377 203

213 437 524 486 magnamque
544 423 635 469 illic
658 427 947 469 Francorum
963 424 1212 469 confluisse
1231 423 1579 470 multitudinem
1597 464 1608 485 ⁷

213 499 272 545 ab
306 499 384 545 illo
415 500 608 545 navium
639 516 974 562 armorumque
1005 510 1233 563 apparatu
1258 510 1489 547 cessatum
1512 512 1608 559 651;

212 593 269 621 60
294 577 423 639 quod
453 586 677 640 protunc,
712 578 856 622 totius
891 576 982 621 loci
1017 577 1280 622 munitione
1318 579 1363 622 in
1402 578 1611 624 hostium

212 663 490 716 potestatem
513 654 727 711 redacta,
761 669 916 699 serum
946 652 1106 698 suisset
1137 662 1181 698 et
1207 670 1610 716 supervacaneum

210 730 467 775 retinendae
488 729 794 793 possessionis
816 744 1057 791 apponere
1082 727 1371 786 remedium,
1400 729 1457 775 (16
1483 729 1610 793 [qua]

211 807 532 869 recuperanda
564 807 744 870 potius,
779 805 816 850 si
853 804 1044 850 facultas
1076 804 1425 866 permitteretur
1454 806 1614 867 (quod

210 884 402 947 quidem
421 901 518 930 non
546 901 713 948 parum
737 883 1007 930 habiturum
1032 890 1131 927 erat
1152 880 1470 944 difficultatis)
1492 920 1503 942 ‚
1532 899 1614 928 co-

211 962 453 1024 gitandum
476 961 640 1007 fuerat.

276 1039 594 1083 Adventarant
623 1037 804 1083 circiter
837 1035 964 1081 illam
985 1034 1153 1081 horam
1179 1035 1240 1081 ad
1262 1036 1420 1099 ipsum
1443 1034 1612 1080 ducem

209 1115 540 1172 511111111615611,
563 1113 812 1176 episcopus
849 1111 1112 1156 Baiocensis
1135 1127 1245 1156 cum
1272 1111 1544 1157 Abrincensi
1568 1120 1615 1156 et

211 1191 485 1235 Lexoviensi
504 1193 538 1245 ¹,
567 1191 710 1252 gratia
731 1189 916 1235 concilii
938 1188 1236 1247 celebrandi,
1260 1189 1391 1251 juxta
1414 1189 1462 1234 id
1484 1189 1613 1252 quod

209 1266 274 1309 eis
299 1266 456 1327 priore
480 1265 554 1311 (116
580 1267 727 1311 fuerat
750 1265 1036 1310 intimatum.
1065 1264 1287 1320 Quicum
1310 1265 1463 1328 ipsum
1488 1266 1615 1328 prin-

207 1343 361 1403 cipem
377 1342 496 1387 adeo
517 1351 672 1388 mente
691 1351 1043 1387 consternatum
1059 1342 1387 1405 conspicerent
1403 1379 1413 1398 ,
1437 1358 1612 1404 oppor-

212 1428 320 1464 tune
344 1420 429 1465 sibi
469 1420 703 1466 affuerunt
721 1455 732 1477 ,
758 1428 812 1464 ut
837 1436 929 1464 suae
960 1419 1138 1480 ingenti
1170 1419 1398 1465 moesti-tiae
1422 1419 1614 1481 aliquod

208 1494 569 1542 delinimentum
596 1497 902 1557 solamenque
934 1494 1072 1539 bonae
1108 1495 1230 1558 spei,
1267 1495 1395 1540 velut
1420 1494 1612 1539 medici-

209 1584 318 1614 nam
347 1570 526 1630 utilem,
553 1579 862 1635 apponerent.
882 1572 1100 1625 Quorum
1123 1569 1421 1615 sermonibus
1441 1578 1485 1614 et
1508 1568 1614 1613 dul-

207 1646 341 1692 cibus
363 1647 769 1694 exhortationibus
796 1647 953 1692 sanior
971 1646 1141 1691 mentis
1163 1646 1354 1692 effectus
1370 1683 1380 1703 ‚
1408 1646 1506 1708 ipse
1526 1644 1614 1690 sibi

207 1723 518 1786 pollicebatur
565 1724 838 1786 hujusmodi
885 1739 1042 1768 arcem
1080 1722 1312 1785 perditam
1354 1722 1475 1767 infra
1515 1721 1613 1766 dies

208 1816 385 1863 paucos
415 1811 818 1865 recuperaturum.
859 1800 950 1845 Sed
985 1799 1195 1862 profecto
1230 1815 1328 1844 non
1361 1808 1457 1844 tam
1480 1797 1614 1844 facile

209 1887 307 1923 erat
329 1877 656 1939 hujuscemodi
680 1876 1041 1940 implementum
1060 1874 1436 1939 pollicitationis,
1466 1891 1614 1937 quan-

211 1963 310 1998 tum
340 1954 426 1999 sibi
450 1955 602 2017 prima
640 1954 755 1999 facie
789 1952 1034 1998 videbatur
1065 1970 1073 1996 :
1107 1968 1218 1997 nam
1255 1969 1342 1998 1166
1384 1969 1531 2014 usque
1562 1952 1611 1996 in

210 2028 338 2074 hunc
361 2030 487 2075 (116111
509 2031 576 2075 rei
601 2029 828 2076 exhibitio
855 2037 1104 2074 consecuta
1127 2038 1212 2074 est.

275 2108 395 2152 Misit
411 2118 568 2154 autem
586 2108 713 2153 idem
731 2107 825 2153 dux
851 2107 1005 2152 statim
1022 2106 1144 2152 duos
1161 2106 1381 2152 heraldos
1404 2105 1463 2150 ad
1480 2105 1614 2150 illum

211 2184 442 2247 oppidum
490 2185 860 2243 Pontis—Archae,
900 2184 980 2246 qui
1024 2184 1167 2230 duces
1204 2187 1495 2229 Francorum
1533 2183 1614 2245 qui

166 2278 171 2283 ·
210 2260 301 2306 11116
325 2262 548 2322 aderant,
575 2279 779 2324 quorum
801 2261 1023 2324 praecipui
1048 2260 1178 2307 fuere
1202 2261 1425 2306 dominus
1450 2263 1614 2304 Petrus

209 2339 267 2383 de
308 2342 478 2401 Bresd,
525 2341 605 2404 qui
637 2350 799 2404 postea
829 2340 913 2386 fuit
948 2357 1146 2403 magnus
1177 2337 1457 2385 senescallus
1491 2340 1611 2383 Nor-

208 2419 436 2476 manniae,
494 2419 773 2481 Floquetus‚
817 2419 1018 2465 Jacobus
1067 2419 1125 2463 de
1178 2418 1524 2463 Claro-Monte
1568 2424 1614 2460 et

208 2494 484 2541 Guillelmus
523 2496 582 2541 (16
626 2497 772 2559 Bigar
788 2497 802 2518 ²
818 2534 830 2556 ‚
873 2505 1185 2553 summatem,
1227 2493 1613 2556 requirerentque

260 2646 298 2683 ll,
330 2641 521 2691 L⁷cchuc
548 2642 594 2679 de
617 2646 772 2692 Bayeux
797 2643 885 2680 etait
910 2644 1010 2680 alors
1039 2656 1090 2680 un
1115 2642 1249 2679 Italien
1281 2641 1435 2677 nomme
1460 2643 1614 2678 Zanone

206 2702 253 2740 da
282 2703 533 2752 Castiglione3
565 2702 662 2739 celui
694 2702 956 2739 d’Avranches
983 2702 1182 2752 s'appelait
1206 2701 1343 2738 Mai-tin
1374 2700 1537 2747 Pinard,
1578 2709 1614 2738 et

206 2763 306 2800 enfin
324 2762 422 2799 celui
436 2761 483 2798 de
498 2761 648 2798 Lisieux
664 2760 754 2798 etait
766 2761 929 2798 l’auteur
941 2762 1066 2798 meme
1074 2760 1121 2797 de
1133 2774 1174 2797 ce
1190 2760 1294 2805 recit,
1307 2759 1470 2796 Thomas
1484 2760 1610 2797 Basin.

260 2824 295 2858 2.
323 2822 353 2859 Il
372 2836 395 2871 y
415 2836 436 2859 a
455 2822 645 2873 plusieurs
664 2823 939 2861 inexactitudes
958 2824 1051 2860 dans
1069 2823 1123 2861 les
1142 2835 1250 2861 noms
1267 2823 1335 2860 des
1356 2834 1614 2873 personnages
