2142 3473
476 306 499 339 4
841 299 1182 336 HISTORIARUM
1206 298 1387 334 CAROLI
1413 299 1482 334 VH

475 378 667 442 quando
693 377 825 422 fuerit
840 377 939 437 ejus
957 376 1118 434 animi,
1135 374 1369 437 aliquibus
1382 375 1522 423 rebus
1538 377 1751 440 pretiosis
1764 393 1871 422 cum

473 455 627 516 aliqua
638 452 944 517 pecuniarum
952 467 1137 497 summa
1149 451 1369 515 abreptis,
1385 451 1500 499 fines
1508 454 1637 516 regni
1648 451 1872 499 excedere

471 541 516 577 et
548 531 609 576 ad
642 530 888 593 Hispanias
931 528 1191 592 proficisci3
1227 529 1328 586 vel,
1370 546 1466 576 una
1500 540 1631 594 parte
1664 538 1869 586 retenta,

471 607 611 654 aliam
632 606 847 653 hostibus
868 606 1053 666 cedere,
1073 622 1183 651 cum
1206 614 1318 651 tunc
1336 621 1503 652 eorum
1517 606 1692 653 viribus
1715 616 1760 652 et
1775 622 1874 652 ma-

470 684 783 731 chinamentis
821 683 1049 730 obsistere
1084 699 1224 746 posse
1257 683 1451 729 minime
1473 684 1750 731 confideret.
1783 683 1872 730 Sed

469 762 720 809 miserante
744 762 902 825 ipsum
925 763 1029 806 Deo
1054 776 1348 823 regnumque
1370 760 1487 806 illud
1504 760 1679 820 nobile,
1705 762 1751 806 in
1777 777 1873 824 quo

468 840 554 884 Dei
577 850 623 886 et
657 839 922 885 christianae
946 838 1182 901 religionis
1211 837 1362 884 cultus
1386 837 1661 900 magnificus
1692 853 1875 900 semper

467 925 513 961 et
536 917 744 962 sincerus
769 916 878 975 fuit,
897 924 1028 961 tanta
1051 914 1161 972 sibi,
1188 924 1441 978 postquam
1468 914 1726 960 innumeris
1744 930 1874 977 paene

467 992 651 1039 casibus
674 1004 720 1039 et
742 993 941 1039 fortunis
961 993 1114 1055 jactus
1131 992 1306 1050 fuerat,
1329 991 1475 1054 gratia
1497 991 1664 1038 collata
1684 1001 1779 1051 est,
1804 1001 1870 1050 ut,

465 1071 724 1116 conciliatis
766 1070 855 1116 sibi
888 1071 1097 1134 primum
1136 1070 1368 1115 intestinis
1415 1070 1616 1115 inimicis
1632 1107 1643 1128 ,
1682 1069 1875 1116 demum

466 1148 606 1193 etiam
631 1148 757 1211 ipsos
782 1146 984 1210 Anglos,
1008 1147 1228 1209 antiquos
1251 1147 1383 1209 regni
1397 1146 1557 1192 hostes
1575 1183 1585 1205 ,
1606 1163 1704 1192 non
1727 1147 1873 1193 modo

464 1223 596 1268 terris
624 1240 763 1286 quas,
790 1224 864 1269 vel
883 1240 997 1284 suo,
1025 1223 1099 1269 vel
1118 1223 1261 1287 patris
1291 1224 1363 1268 sui
1382 1233 1594 1287 ternpore
1611 1260 1622 1282 ,
1649 1224 1696 1268 in
1728 1240 1873 1287 regno

464 1310 839 1362 occupaverant,
877 1300 960 1346 sed
986 1301 1126 1346 etiam
1150 1300 1424 1363 Aquitania,
1465 1316 1607 1363 quam
1644 1299 1873 1346 ducentos

462 1376 645 1422 circiter
667 1386 713 1422 et
738 1377 1049 1439 quadraginta
1085 1394 1234 1424 annos
1265 1381 1551 1436 tenuerant¹,
1576 1394 1767 1441 prorsus
1796 1395 1873 1423 ex-

463 1453 634 1516 pulerit
663 1463 805 1517 atque
838 1454 1053 1514 ejecerit,
1085 1471 1378 1517 regnumque
1402 1456 1580 1518 ipsum,
1613 1455 1743 1517 quod
1768 1455 1872 1500 diu-

466 1531 614 1577 turnis
638 1531 938 1577 causantibus
962 1532 1161 1594 guerris,
1184 1542 1284 1577 tuin
1302 1531 1551 1578 hostilibus
1570 1569 1580 1591 ,
1607 1542 1709 1578 tum
1732 1534 1872 1578 etiam

466 1622 525 1651 ex
546 1606 757 1652 civilibus
777 1608 909 1668 regni
933 1623 1185 1670 procerum
1208 1623 1262 1652 ac
1284 1607 1551 1670 principum
1574 1607 1873 1654 dissensioni-

468 1683 556 1728 bus
581 1694 625 1728 et
649 1683 929 1729 factionibus
954 1683 1158 1742 obortis,
1186 1700 1354 1746 magna
1385 1700 1439 1728 ex
1465 1693 1595 1746 parte
1629 1685 1838 1730 attritum
1857 1721 1869 1743 ,

469 1759 711 1822 squalens,
738 1760 969 1805 incultum
1004 1770 1049 1805 et
1077 1760 1249 1806 accolis
1278 1761 1507 1806 nudatum
1539 1761 1710 1817 fuerat,
1737 1778 1873 1825 paca-

471 1846 572 1882 tum
607 1847 653 1882 et
686 1838 925 1899 quietum,
948 1837 1045 1899 jam
1079 1837 1275 1900 pulchre
1309 1837 1370 1883 ad
1404 1839 1611 1900 priorem
1647 1838 1873 1884 felicitatis

471 1922 641 1958 statum
664 1923 710 1958 et
730 1914 960 1959 culturam
985 1929 1229 1975 assurgens
1249 1922 1293 1958 et
1316 1915 1493 1977 optime
1516 1915 1868 1974 convalescens,

472 1988 568 2034 filio
591 2006 677 2035 suo
699 1989 1015 2052 dereliquerit.

537 2069 596 2111 Ut
619 2076 774 2112 autem
793 2066 1111 2112 calamitatum
1132 2076 1177 2112 et
1198 2083 1492 2128 guerrarum,
1519 2084 1623 2130 quae
1646 2068 1739 2113 suis
1756 2078 1872 2114 tem-

471 2142 666 2205 poribus
690 2160 888 2205 regnum
911 2145 1093 2206 ipsum,
1117 2159 1256 2206 supra
1280 2159 1422 2206 quam
1447 2144 1539 2188 dici
1562 2144 1635 2189 vel
1659 2145 1874 2190 {estimari

470 2229 646 2282 potest,
672 2220 791 2266 miro
817 2220 963 2266 modo
988 2221 1281 2278 attriverant,
1306 2229 1351 2265 et
1371 2236 1398 2265 a
1422 2219 1592 2282 quibus
1617 2221 1795 2283 majore
1818 2238 1873 2266 ex

470 2306 602 2359 parte
626 2296 876 2342 liberatum
911 2298 1064 2360 ipsum
1101 2297 1194 2341 suis
1222 2296 1387 2357 vigiliis
1411 2313 1463 2341 ac
1494 2296 1736 2342 laboribus
1768 2298 1875 2342 reli-

469 2375 587 2436 quit,
610 2375 785 2420 sontem
806 2384 947 2437 atque
965 2374 1171 2420 radicem
1191 2373 1511 2431 ostendamus,
1530 2373 1589 2419 de
1605 2373 1699 2420 hoc
1717 2374 1870 2432 nobis,

469 2467 611 2512 quam
632 2450 822 2497 brevius
846 2452 1124 2515 puterimus,
1143 2451 1349 2496 narratio
1375 2451 1701 2514 praemittenda
1722 2461 1804 2497 est.

521 2617 558 2652 1.
590 2615 857 2666 L’occupation
874 2616 922 2654 de
938 2618 974 2653 la
990 2617 1165 2654 Guienne
1184 2629 1254 2666 par
1268 2616 1322 2653 les
1341 2616 1497 2666 Anglais
1519 2616 1615 2653 dura
1634 2616 1725 2653 trois
1745 2616 1873 2652 siecles

463 2674 604 2711 entiers
627 2675 647 2710 a
667 2687 904 2712 Commencer
919 2675 965 2712 de
979 2676 1236 2713 l’avcnenient
1255 2674 1302 2711 de
1319 2675 1438 2712 Henri
1457 2674 1704 2726 Plantagenet
1724 2676 1869 2720 (1154).
