2037 3442
411 267 460 301 80
785 264 1121 300 HISTORIARUM
1149 265 1326 300 CAROLI
1355 267 1423 300 VII

410 355 618 407 essetque
652 345 699 388 in
728 342 933 406 oppido,
967 359 1074 387 cum
1107 343 1263 388 multis
1290 344 1491 388 strenuis
1521 348 1805 392 Francorum

410 420 609 465 ducibus
631 429 770 481 atque
791 417 1029 477 militibus,
1046 421 1230 463 Joanna
1255 419 1429 476 Puella,
1451 419 1602 465 eidem
1616 423 1807 467 Joannae

411 497 663 542 infaustum
701 511 840 540 omen
877 504 1016 556 atque
1048 495 1203 540 infelix
1239 495 1375 540 valde
1406 496 1617 558 contigit.
1659 499 1804 555 Nam,

410 583 538 618 certo
582 572 658 617 die
678 574 706 630 ¹,
735 587 842 616 cum
882 571 1040 616 multis
1075 572 1263 617 armatis
1299 572 1528 634 oppidum
1569 573 1726 618 exiens
1760 583 1812 618 ut

410 649 455 693 in
494 648 654 694 hostes
698 648 925 710 impetum
954 647 1148 704 faceret,
1191 648 1250 693 ab
1285 664 1382 694 uno
1427 649 1571 694 milite
1604 648 1811 711 burgun-

410 726 551 772 dione
580 736 715 790 capta
750 726 835 770 fuit
858 734 901 771 et
930 724 989 770 ab
1011 725 1212 787 Anglicis
1230 762 1240 782 ,
1269 726 1350 788 qui
1376 725 1474 787 ejus
1498 726 1811 789 perditionem

410 813 455 849 et
477 804 832 849 exstinctionem
864 818 1149 865 magnopere
1176 801 1487 865 exoptabant,
1516 802 1666 847 multo
1695 819 1811 848 auro

411 880 670 943 redempta.
696 882 763 925 De
786 894 880 941 qua
900 878 1100 940 Anglici,
1120 879 1200 940 qui
1223 879 1359 924 toties
1380 878 1482 940 ejus
1506 878 1713 923 nominis
1737 896 1813 924 so-

411 957 499 1003 lius
523 966 705 1002 terrore
736 956 839 1001 caesi
871 955 1109 1018 fugatique
1134 955 1340 1015 fuerant,
1368 954 1504 1000 valde
1527 953 1742 1000 laetificati
1770 965 1813 1002 et

411 1034 653 1080 exhilarati
677 1034 882 1079 fuerunt.

474 1115 718 1156 Duxerunt
751 1119 907 1156 autem
941 1125 1046 1154 eam
1077 1108 1139 1155 ad
1168 1108 1335 1154 urbem
1367 1107 1811 1170 Rothomagensem,

410 1189 455 1232 in
481 1203 573 1250 qua
597 1187 746 1234 dictus
776 1187 1002 1232 Henricus
1020 1185 1206 1248 juvenis
1230 1194 1342 1230 tunc
1363 1193 1461 1230 erat
1485 1202 1594 1230 cum
1619 1201 1705 1230 suo
1729 1200 1814 1229 co-

410 1265 576 1310 mitatu
608 1274 652 1309 et
684 1264 900 1309 consilio.
942 1262 1060 1320 Ubi,
1100 1272 1354 1325 postquam
1395 1260 1623 1324 quidnam
1663 1261 1721 1306 de
1761 1277 1816 1306 ea

410 1353 691 1390 statueretur
724 1343 804 1388 diu
842 1343 1141 1389 consiliatum
1180 1341 1362 1399 fuisset,
1407 1341 1454 1387 in
1487 1358 1541 1387 ea
1586 1341 1817 1386 sententia

410 1421 686 1467 resederunt
722 1430 794 1478 ut,
832 1437 885 1466 ea
923 1419 1132 1466 studiose
1163 1420 1211 1464 in
1251 1418 1462 1482 quodam
1509 1418 1616 1463 satis
1651 1433 1817 1480 aspero

411 1515 598 1544 carcere
638 1498 756 1543 arcis
801 1497 1191 1558 Rothomagensis
1236 1505 1485 1550 asservata,
1525 1510 1685 1540 coram
1732 1494 1818 1539 do-

412 1575 541 1620 mino
577 1578 713 1620 Petro
754 1573 998 1628 Canobon,
1032 1573 1351 1620 Bellovacensi
1385 1572 1608 1635 episcopo
1641 1570 1819 1633 (quiex

411 1651 685 1695 consiliariis
726 1650 846 1711 regis
883 1649 1053 1711 Angliae
1090 1666 1212 1694 unus
1248 1649 1308 1694 de
1353 1647 1640 1712 primoribus
1669 1646 1815 1708 erat),

411 1744 467 1772 eo
491 1727 622 1789 quod
645 1726 765 1772 infra
784 1727 956 1771 limites
973 1743 1065 1771 suae
1085 1726 1297 1771 dioecesis
1319 1725 1613 1788 apprehensa
1636 1723 1814 1778 fuisset,

411 1813 575 1850 contra
599 1820 703 1849 eam
727 1803 968 1865 inquisitio
993 1812 1038 1848 et
1060 1803 1304 1863 negotium
1328 1801 1437 1846 fidei
1466 1800 1717 1863 ageretur2.

476 1880 619 1937 Quod
647 1880 725 1925 diu
754 1879 1013 1925 deductum
1037 1880 1356 1940 agitatumque
1384 1877 1494 1934 fuit;
1525 1886 1571 1921 et
1594 1893 1676 1940 per
1696 1875 1818 1921 mul-

413 1966 569 2001 torum
594 1956 825 2001 mensium
855 1954 1133 2010 decursum,
1161 1954 1393 2015 variisque
1427 1951 1592 1997 diebus
1622 1968 1675 1997 ac
1706 1951 1820 1996 vici-

413 2033 528 2090 bus,
576 2031 886 2077 assidentibus
924 2030 1280 2092 inquisitoribus
1321 2029 1545 2074 haereticae
1581 2028 1819 2091 pravitatis

413 2119 459 2155 et
482 2108 639 2154 multis
670 2123 809 2153 sacrae
839 2106 1086 2168 theologiae
1115 2116 1160 2150 et
1191 2105 1339 2150 divini
1369 2115 1507 2167 atque
1532 2103 1729 2148 humani
1749 2103 1820 2164 ju-

414 2187 474 2231 ris
496 2183 856 2248 professoribus,
885 2193 1079 2246 propter
1103 2180 1376 2243 hujusmodi
1400 2196 1587 2227 causam
1618 2196 1672 2225 ex
1698 2179 1820 2224 Pari-

414 2262 490 2307 siis
510 2261 742 2308 accersitis
760 2297 771 2318 ,
808 2259 1127 2322 multipliciter
1152 2259 1439 2319 interrogata
1472 2257 1581 2315 fuit;
1610 2256 1820 2301 fuerunt-

415 2355 507 2401 que
541 2338 934 2400 interrogationes
965 2335 1120 2381 eidem
1160 2336 1314 2394 factae,
1357 2351 1466 2380 cum
1495 2333 1686 2396 singulis
1727 2332 1820 2377 suis

416 2415 822 2479 responsionibus,
862 2431 944 2478 per
982 2412 1197 2477 publicos
1238 2411 1515 2458 tabelliones
1559 2409 1818 2473 diligentis-

473 2561 509 2595 1.
541 2561 592 2595 Le
612 2560 661 2595 ⁶23
681 2557 757 2595 mai
779 2559 896 2595 1430.

472 2619 511 2654 2.
541 2620 612 2653 Les
633 2617 900 2654 deliberations
914 2616 965 2654 du
985 2615 1125 2653 conseil
1145 2624 1279 2653 eurent
1298 2615 1374 2654 lieu
1392 2624 1506 2653 avant
1523 2629 1597 2666 que
1618 2616 1652 2653 la
1672 2615 1820 2653 Pucelle

421 2675 476 2711 stit
493 2675 624 2711 menee
639 2677 660 2711 a
672 2679 820 2721 Rouen,
842 2684 879 2712 et
897 2684 1012 2713 avant
1028 2676 1150 2712 meme
1164 2675 1303 2724 qu'elle
1316 2676 1379 2712 etit
1398 2675 1455 2711 ete'
1472 2675 1646 2711 rachetee
1667 2674 1713 2711 de
1726 2677 1819 2710 Jean

421 2737 467 2775 de
486 2736 767 2788 Luxembourg,
783 2746 888 2774 entre
912 2738 964 2774 les
985 2738 1104 2774 mains
1125 2737 1172 2775 de
1185 2737 1248 2786 qui
1270 2738 1341 2774 elle
1361 2737 1450 2773 etait
1470 2736 1632 2775 tombee.
