2037 3442
690 209 834 244 LIBER
862 209 1081 245 SECUNDU
1089 210 1126 245 S.
1562 211 1611 245 95

212 309 291 337 seu
321 292 499 338 insidiis
534 308 675 354 super
698 291 973 337 alterutrum
997 291 1102 354 capi
1138 291 1430 353 potuissent,
1460 291 1612 337 conti-

213 374 275 434 git
311 382 361 418 ut
395 372 491 417 dux
535 371 781 429 Borbonii7
828 371 908 432 qui
950 369 1173 433 Philippi,
1223 370 1609 431 Burgundionum

213 451 369 508 ducis?
399 465 612 495 sororem
652 447 855 494 habebat
886 448 931 491 in
968 447 1244 509 conjugem,
1278 464 1331 492 ex
1365 449 1498 493 terris
1522 449 1615 494 suis

214 536 404 589 accepta
428 523 1050 581 a1=111at0mmnmliimdine,
1082 533 1225 569 terras
1251 524 1528 586 Burgundiae
1554 526 1616 570 vi-

214 604 341 648 cinas
362 602 448 648 sibi
474 605 673 664 graviter
697 602 931 646 infestaret
950 610 993 645 et
1017 600 1217 662 plurima
1241 601 1306 646 eis
1335 601 1616 648 detrimenta

214 681 443 726 inferret¹.
473 679 653 735 Quibus
674 677 987 724 incommodis
1012 693 1264 722 occurrens
1292 676 1416 721 idem
1446 677 1616 740 Philip-

216 775 317 821 pus,
347 758 427 820 qui
450 757 591 819 paulo
616 765 723 802 aute
748 754 1043 800 Brabantiam
1073 770 1156 815 per
1187 752 1369 798 obitum
1395 752 1612 816 Philippi,

216 834 346 879 ducis
382 835 525 897 ipsius
563 832 838 889 ssrabantiae‚
879 847 932 875 ex
968 830 1170 891 legitima
1198 829 1492 875 successione
1529 830 1618 876 sibi

217 912 490 968 vindicarat,
512 912 556 955 iu
574 908 889 971 Burgundiam
910 924 965 952 ex
979 907 1227 952 Brabantia
1248 906 1484 969 profectus
1500 910 1612 967 est23

219 988 297 1033 ubi
314 1026 323 1044 ‚
349 988 544 1033 collecto
569 986 799 1042 exercitu,
824 1001 920 1029 sese
952 983 1010 1028 de
1031 983 1210 1045 injuriis
1239 983 1326 1028 sibi
1348 993 1392 1029 et
1417 984 1511 1028 suis
1536 1000 1619 1047 per

219 1065 396 1110 dictum
422 1063 590 1108 ducem
616 1061 839 1107 Borbouii
876 1060 1114 1121 irrogatis,
1150 1060 1307 1105 ulcisci
1347 1060 1613 1106 destinavit.

222 1146 469 1201 Aggressus
501 1139 638 1201 igitur
678 1139 776 1200 ejus
811 1146 983 1193 terras),
1018 1137 1164 1182 multa
1208 1136 1326 1181 inibi
1361 1138 1432 1182 vel
1473 1154 1619 1200 expu-

219 1215 437 1278 gnando,
476 1214 549 1260 vel
580 1213 842 1260 obsidendo
879 1211 1096 1257 fortalitia
1125 1222 1171 1258 et
1201 1213 1377 1276 oppida
1409 1215 1612 1277 accepit,

219 1293 448 1356 pluraque
472 1291 780 1336 verisimiliter
801 1289 1075 1351 accepisset,
1115 1290 1203 1335 nisi
1235 1291 1362 1335 idem
1397 1290 1620 1336 Borbonii

219 1367 314 1412 dux
332 1403 342 1423 ‚
368 1366 427 1411 ad
452 1365 833 1429 componendam
850 1380 1013 1427 pacem
1036 1365 1477 1428 conciliandamque
1498 1368 1620 1412 inter

219 1442 439 1488 Carolurn
458 1459 615 1504 regem
633 1452 678 1488 et
700 1441 879 1487 dictum
896 1441 1285 1502 Burgundionum
1312 1442 1483 1488 ducem
1503 1443 1619 1489 ami-

220 1519 376 1565 citiam
398 1528 443 1565 et
465 1518 787 1575 concordiam,
809 1517 1021 1562 animum
1044 1518 1388 1564 0011vertisset³.

679 1703 1014 1748 CAPiTULUM
1047 1704 1165 1746 XXI.

221 1828 377 1871 Qualiter
391 1835 425 1861 et
440 1825 620 1873 quomodo
639 1825 826 1859 deventum
843 1834 891 1858 est
908 1823 952 1857 ad
969 1831 1150 1857 tractatum
1176 1822 1272 1869 pacis
1291 1823 1386 1856 factae
1404 1823 1440 1856 in
1455 1824 1622 1858 Atrebato

465 1888 554 1921 inter
572 1887 734 1920 Carolum
753 1898 868 1931 regem
887 1893 919 1918 et
935 1884 1059 1917 ducem
1077 1883 1383 1930 Burgundionum.

290 1998 358 2042 Ad
382 2013 435 2043 ea
459 1998 598 2060 igitur
621 2013 724 2059 quae
755 1995 883 2058 pacis
922 2002 1030 2039 suut
1053 2002 1095 2038 et
1126 2009 1209 2056 per
1232 2009 1335 2055 quae
1361 1993 1513 2040 feralis
1548 1994 1625 2040 illa

225 2074 444 2120 odiorum
466 2084 511 2119 et
534 2073 887 2118 inimicitiarum
907 2070 1055 2117 rabies
1071 2070 1297 2132 exstingui
1320 2081 1494 2134 posset,
1521 2088 1625 2135 quae

278 2218 314 2252 1.
347 2216 448 2252 Cette
468 2227 605 2265 guerre
629 2214 692 2264 qui
717 2213 811 2250 dura
833 2213 998 2264 pendant
1016 2221 1118 2251 toute
1136 2212 1285 2250 l'annee
1310 2215 1412 2250 1434
1440 2222 1504 2250 eut
1528 2226 1628 2264 pour

225 2274 369 2312 the'zitre
390 2274 425 2311 le
448 2273 654 2310 Charolais.

278 2336 315 2369 2.
348 2333 659 2370 Anachronisme.
684 2335 736 2369 Le
760 2332 832 2368 duc
852 2332 898 2369 de
913 2331 1078 2369 Brabant
1094 2340 1248 2369 mourut
1266 2344 1313 2368 en
1337 2333 1438 2368 1430
1460 2332 1629 2382 pendant

225 2394 258 2430 le
282 2393 383 2443 siege
415 2392 461 2429 de
486 2392 730 2443 Compiegne.
759 2395 935 2429 L'erreur
957 2391 1004 2429 de
1025 2392 1188 2429 l'auteur
1209 2392 1313 2429 vient
1344 2392 1392 2428 de
1420 2405 1461 2429 ce
1489 2406 1564 2442 que
1593 2394 1627 2431 le

225 2453 297 2489 duc
317 2452 362 2489 de
378 2456 605 2503 Boiu-gogne
625 2451 697 2488 alla
717 2464 763 2488 en
782 2451 943 2489 Flandre
963 2451 1130 2501 pendant
1147 2451 1183 2488 la
1206 2464 1343 2501 guerre
1362 2464 1436 2500 que
1453 2450 1507 2488 lui
1528 2452 1568 2488 fit
1591 2451 1628 2489 le

226 2513 298 2550 duc
320 2512 366 2549 de
386 2512 565 2549 Bourbon
583 2543 592 2560 ‚
609 2520 644 2549 et
657 2512 747 2561 qu’il
767 2512 841 2548 alla
863 2512 884 2549 a
899 2514 1069 2560 Anvers‚
1091 2519 1185 2548 cette
1206 2523 1342 2561 guerre
1362 2510 1543 2547 achevee.

280 2574 316 2609 3.
344 2574 416 2608 Les
442 2571 543 2608 deux
570 2571 660 2608 ducs
682 2570 728 2607 de
749 2573 976 2621 Bourgogne
995 2578 1032 2606 et
1054 2569 1100 2606 de
1118 2569 1296 2607 Bourbon
1317 2582 1356 2606 se
1371 2569 1495 2606 virent
1523 2577 1559 2606 et
1589 2582 1628 2606 se

225 2631 514 2668 reconcilierent
533 2633 552 2667 ἐι
568 2633 712 2668 Nevers
731 2643 780 2667 au
799 2630 896 2668 mois
915 2630 961 2667 de
970 2629 1121 2678 janvier
1138 2632 1254 2667 1435.
1270 2629 1503 2679 Monstrelet,
1526 2629 1552 2670 Ι.
1575 2632 1626 2677 ΙΙ,

226 2691 286 2728 ch.
311 2704 455 2728 CLXVII.
