2037 3442
433 276 506 311 192
810 274 1147 309 HISTORIARUM
1175 274 1354 310 CAROLI
1383 277 1450 311 VII

429 355 631 419 partium
658 353 703 397 in
729 353 984 414 Anglicano
1003 352 1220 412 consilio,
1242 354 1482 400 unihodie
1505 358 1747 419 provincia
1761 377 1835 406 re-

430 431 610 496 genda,
645 430 779 476 alteri
816 445 929 475 vero
969 430 1017 474 in
1055 430 1260 476 crastino
1292 432 1523 478 committi
1562 433 1839 481 alternando

429 508 617 555 decreta
641 506 962 563 obtineretur,
990 517 1035 553 et
1070 523 1168 552 uno
1203 506 1278 552 die
1307 507 1545 570 publicata
1580 510 1628 554 in
1661 510 1842 557 Rotho-

429 602 567 648 mago
606 584 741 648 (quae
773 594 841 630 est
874 584 1150 648 metropolis
1183 585 1473 648 provinciae)
1507 587 1842 633 commissione

427 680 516 728 pro
540 679 637 708 uno
653 697 664 718 ,
694 662 843 708 altero·
866 661 942 707 die
974 662 1161 707 alterius
1187 678 1318 724 aeque
1346 663 1642 723 commissio,
1683 665 1841 728 priore

429 739 681 800 abrogata,
708 739 944 802 praeconia
966 754 1082 784 voce
1114 738 1453 802 publicaretur.
1487 742 1537 784 In
1567 739 1842 802 hujusmodi

430 817 684 863 certamine
720 816 933 879 superior
966 825 1122 861 tamen
1160 815 1331 860 mansit
1359 815 1551 861 tandem
1578 815 1671 861 dux
1701 819 1839 863 Sum-

429 894 642 951 merseti,
670 902 715 937 et
740 909 849 937 cum
884 908 1058 953 magno
1092 902 1317 954 apparatu
1353 892 1604 954 multisque
1641 893 1838 956 opibus,

430 971 700 1016 transmisso
727 969 868 1029 freto,
903 969 950 1014 in
981 969 1278 1033 provinciam
1311 970 1435 1014 venit
1467 969 1554 1014 sibi
1585 970 1837 1017 decretam.

430 1049 538 1093 Erat
563 1047 688 1092 enim
713 1047 813 1092 auri
836 1055 882 1091 et
907 1045 1085 1106 argenti
1113 1045 1529 1109 locupletissimus,
1558 1055 1610 1091 ut
1634 1056 1744 1109 pote
1768 1049 1842 1093 cui

431 1128 660 1172 successio
688 1126 931 1172 bonorum
958 1126 1065 1188 jure
1096 1126 1406 1189 proximitatis
1444 1125 1714 1173 obvenisset
1741 1144 1843 1174 car-

431 1202 929 1248 dinalisVintoniensis
942 1204 968 1259 ¹,
986 1202 1067 1264 qui
1083 1203 1297 1247 omnium
1312 1202 1406 1247 fere
1426 1202 1552 1247 orbis
1567 1204 1708 1248 totius
1726 1204 1843 1248 chri-

431 1280 722 1337 stianorum,
757 1289 970 1342 tempore
1006 1296 1091 1324 suo
1130 1279 1528 1343 locupletissimus
1561 1280 1838 1327 habebatur.

497 1356 686 1419 Apputit
715 1365 871 1401 autem
902 1355 961 1400 ad
990 1355 1147 1401 littora
1176 1357 1475 1403 Normanniae
1505 1357 1763 1413 inferioris,
1794 1358 1841 1402 in

431 1433 665 1478 territorio
695 1432 1042 1477 Constantiensi
1064 1469 1074 1489 ‚
1112 1442 1156 1477 et
1187 1433 1298 1478 inde
1332 1433 1627 1496 provinciam
1657 1433 1844 1496 perlus-

431 1520 587 1569 trans,
629 1526 713 1572 per
750 1508 1016 1554 Cadomum
1057 1518 1102 1553 et
1143 1509 1366 1554 Lexovias
1415 1510 1544 1554 venit
1585 1509 1841 1555 Rothoma-

432 1603 567 1648 gum,
602 1586 913 1649 principalem
949 1586 1093 1631 totius
1131 1586 1385 1649 provinciae
1424 1586 1617 1643 urbem,
1660 1588 1706 1631 in
1751 1603 1843 1649 qua

432 1662 593 1708 sedem
621 1672 666 1707 et
694 1662 991 1706 mansionem
1017 1662 1103 1708 sibi
1129 1663 1386 1707 constitnit.
1424 1666 1531 1708 Erat
1563 1663 1661 1725 ipse
1690 1663 1843 1726 specie

433 1739 659 1797 decorus,
702 1738 847 1783 aetatis
882 1755 1032 1801 prope
1067 1748 1168 1783 tum
1203 1739 1540 1801 quinquaginta
1572 1755 1840 1797 annorum,

432 1815 540 1861 satis
565 1815 713 1860 civilis
732 1824 776 1859 et
799 1814 1032 1876 benignus
1056 1824 1196 1876 atque
1218 1814 1472 1873 humanus,
1500 1816 1742 1860 communi
1767 1832 1846 1879 pa-

432 1892 529 1937 triae
562 1892 752 1953 justitiae
789 1892 897 1936 satis
936 1892 1127 1936 affectus
1169 1900 1212 1936 et
1245 1892 1478 1949 intentus;
1517 1892 1597 1937 sed
1632 1893 1843 1955 profecto

433 1985 543 2015 cum
565 1988 588 2012 «
613 1969 805 2014 avaritia
834 1989 854 2009 ³)
883 1978 934 2012 ut
957 1968 1148 2031 Crispus
1172 1969 1234 2013 ait
1251 2005 1264 2027 ‚
1291 1989 1312 2010 «
1340 1985 1526 2031 semper
1551 1970 1607 2013 sit
1632 1968 1841 2029 infinita,

434 2061 619 2107 semper
649 2042 923 2089 insatiabilis
947 2053 993 2089 et
1016 2059 1170 2106 neque
1193 2044 1328 2106 copia
1350 2082 1360 2103 ,
1392 2060 1547 2106 neque
1574 2044 1736 2107 inopia
1759 2046 1845 2090 rni-

434 2131 625 2180 nuatur‚
654 2139 676 2163 »
702 2122 870 2166 vitium
894 2120 988 2166 hoc
1018 2121 1219 2165 nimium
1248 2120 1295 2164 in
1323 2120 1421 2182 ejus
1445 2120 1604 2166 animo
1629 2121 1846 2168 domina-

434 2208 535 2243 tum
559 2197 739 2243 habens
768 2198 905 2260 (esto,
925 2206 978 2242 ut
998 2196 1217 2255 diximus,
1236 2213 1383 2260 opum
1408 2207 1527 2243 esset
1550 2197 1842 2260 ditissimus),

434 2284 619 2320 caeteras
649 2291 815 2320 omnes
834 2275 1003 2337 gratias
1022 2283 1066 2319 et
1082 2273 1302 2333 virtutes,
1322 2291 1425 2337 quae
1447 2283 1704 2337 utcumque
1722 2275 1768 2319 in
1789 2291 1845 2320 eo

436 2353 642 2398 eminere
664 2351 964 2408 videbantur,
990 2351 1316 2410 labefactavit,
1344 2352 1595 2415 ipsumque
1619 2352 1679 2398 ad
1703 2362 1848 2398 extre-

434 2447 562 2477 mam
602 2447 734 2494 paene
774 2430 942 2492 dejecit
977 2430 1232 2475 miseriam.
1262 2432 1379 2474 Nam
1411 2430 1643 2490 cumbis,
1678 2430 1848 2492 quibus

435 2511 784 2556 affluentissime
821 2508 1120 2569 abundabat,
1156 2508 1327 2572 opibus
1352 2509 1546 2554 minime
1570 2518 1843 2566 contentus,

436 2588 679 2650 cupiditati
702 2587 910 2634 habendi
935 2586 1132 2633 modum
1153 2603 1330 2651 ponere
1351 2595 1492 2650 atque
1519 2595 1722 2632 statuere
1746 2601 1847 2632 nes-

492 2741 529 2776 1.
560 2741 612 2776 Le
631 2738 798 2777 cardinal
818 2740 866 2778 de
885 2741 1139 2786 Winchester,
1162 2748 1261 2778 mort
1280 2740 1315 2778 le
1333 2742 1376 2776 11
1397 2739 1493 2778 avril
1517 2741 1631 2776 1447.
