2037 3442
744 370 883 403 LIBER
912 369 1106 404 PRIMUS.
1570 368 1616 401 37

231 451 323 509 regi
360 461 419 508 et,
463 460 566 513 post
615 451 711 511 ejus
747 449 951 508 obitum,
987 451 1188 494 Hem-ico
1238 449 1335 510 ejus
1366 448 1479 506 filio,
1519 457 1619 493 tan-

230 542 370 587 ¹quam
390 525 562 570 haeredi
587 535 629 570 et
647 525 853 587 legitimo
878 524 1241 570 administratori
1256 534 1301 568 et
1322 523 1623 585 gubernatori

230 603 357 663 regni
375 638 384 657 ,
409 612 683 664 paruerunt.

293 678 382 723 Sed
418 678 520 739 quis
554 678 726 723 fructus
761 694 816 722 ex
856 676 1124 738 hujusmodi
1156 676 1371 737 provenit
1399 691 1539 737 pace,
1578 684 1623 720 et

229 771 330 816 quae
354 754 549 816 virgulta
578 764 622 799 et
655 754 803 816 fruges
829 771 883 799 ex
909 751 1234 814 hujuscemodi
1266 751 1444 796 semine
1475 768 1620 813 regno

230 831 406 876 obortae
428 832 539 889 sint,
573 832 619 875 iu
645 830 1041 892 consequentibus
1065 827 1381 874 ostendemus.
1411 828 1622 874 Conaba-

231 917 303 952 tur
335 908 590 969 Anglorum
615 925 691 953 rex
716 908 804 953 sibi
828 907 964 953 urbes
986 917 1122 969 atque
1153 917 1318 963 terras,
1345 921 1372 950 a
1394 904 1621 967 delphino

229 983 519 1028 exhaederato
554 994 599 1029 et
630 985 722 1029 suis
752 1000 1005 1046 possessas,
1054 992 1277 1043 tanquam
1311 979 1622 1026 obventuram

229 1059 314 1104 sibi
338 1059 538 1120 legitime
555 1060 886 1117 haereditatem,
908 1058 966 1104 ad
985 1074 1124 1121 quam
1141 1058 1216 1119 jus
1241 1056 1452 1113 haberet,
1472 1057 1622 1102 vindi-

230 1151 361 1190 care,
402 1135 496 1179 suis
530 1145 668 1197 atque
702 1135 1089 1196 Burgundionum
1127 1133 1304 1178 viribus
1341 1133 1500 1178 fretus.
1540 1133 1624 1178 Alii

230 1227 340 1256 vero
371 1211 595 1273 delphino
620 1222 832 1275 parentes
853 1220 991 1273 atque
1016 1210 1317 1266 obedientes,
1343 1209 1425 1272 qui
1450 1225 1622 1272 magno

228 1303 411 1349 semper
442 1304 640 1332 numero
671 1297 801 1333 erant
831 1298 876 1333 et
904 1287 962 1332 de
998 1285 1251 1347 majoribus
1275 1285 1423 1346 regni,
1458 1295 1624 1332 contra

229 1363 442 1420 nitentes,
471 1380 566 1408 non
587 1364 728 1409 modo
753 1380 854 1426 quae
871 1362 1173 1426 possidebant
1196 1362 1353 1419 tutari⁷
1375 1361 1461 1406 sed*
1485 1362 1623 1407 etiam

231 1438 399 1500 Anglos
422 1438 591 1500 pellere
616 1439 672 1484 de
697 1456 840 1500 regno
865 1449 908 1484 et
930 1439 974 1483 in
999 1437 1355 1499 Burgundiones
1378 1437 1555 1494 ulcisci,
1581 1449 1625 1484 et

229 1514 287 1560 ab
310 1515 583 1560 adversariis
609 1525 835 1578 occupata
859 1531 1151 1576 recuperare,
1176 1514 1284 1559 totis
1305 1513 1484 1559 viribus
1507 1514 1622 1559 insi-

229 1591 428 1636 stebant.

688 1754 1020 1798 CAPITULUM
1057 1754 1153 1796 XV.

227 1885 381 1927 Qualiter
394 1885 560 1925 Joannes‚
573 1883 863 1929 Burgundionum
879 1882 963 1925 dux,
980 1883 1014 1914 in
1025 1889 1135 1915 castro
1148 1881 1365 1914 Monsterolii
1383 1880 1445 1913 fuit
1458 1881 1625 1914 interem—

265 1952 343 1988 ptus
362 1944 387 1985 ¹,
405 1951 437 1976 et
453 1941 633 1986 quomodo
651 1942 834 1987 Philippus
851 1941 942 1974 filius
961 1942 1033 1986 ejus
1049 1953 1167 1974 necem
1185 1940 1291 1986 ipsius
1307 1940 1425 1973 ulcisci
1441 1938 1584 1973 studuit.

293 2070 411 2112 Cum
440 2083 551 2112 vero
575 2076 693 2112 esset
717 2065 909 2111 Carolus
940 2065 1187 2129 delphinus
1221 2065 1268 2109 in
1302 2073 1452 2109 castro
1488 2067 1624 2109 Mon-

230 2145 401 2190 sterolii
432 2161 572 2207 supra
595 2145 769 2189 flumen
798 2147 936 2200 Ionae,
966 2159 1073 2188 cum
1102 2141 1259 2187 multis
1283 2142 1486 2205 partium
1519 2157 1621 2186 sua-

230 2239 335 2266 rum
365 2221 609 2279 militibus,
643 2231 686 2266 et
718 2237 813 2265 non
845 2220 1006 2283 procul
1036 2221 1173 2265 etiam
1200 2218 1258 2264 ab
1292 2234 1348 2263 eo
1370 2218 1475 2263 loco
1508 2226 1624 2263 esset

230 2300 474 2355 Joannes‘2,
496 2296 880 2359 Burgundionum
896 2296 1006 2354 dux,
1023 2313 1129 2341 cum
1150 2310 1316 2356 magna
1335 2304 1621 2338 armatorum

231 2390 399 2430 manu,
429 2374 457 2418 ii
480 2374 560 2435 qui
585 2374 643 2418 de
668 2383 798 2436 parte
821 2372 1030 2436 delphini
1052 2383 1095 2418 et
1120 2389 1227 2417 cum
1256 2387 1311 2416 eo
1336 2380 1447 2416 tunc
1473 2380 1622 2429 erant,

286 2524 320 2559 1.
354 2524 450 2559 C'est
467 2535 534 2572 par
546 2522 833 2559 anachronisme
846 2534 919 2571 que
937 2521 971 2558 le
989 2529 1153 2558 meurtre
1170 2521 1219 2557 du
1243 2520 1315 2558 duc
1334 2521 1380 2559 de
1400 2524 1626 2571 Bourgogne

231 2589 284 2617 est
304 2581 408 2630 place
426 2582 535 2631 apres
556 2581 589 2617 le
613 2581 718 2617 traite
740 2580 786 2618 de
805 2583 959 2629 Troyes,
982 2580 1141 2630 puisque
1164 2580 1199 2616 le
1214 2580 1322 2616 traite
1341 2589 1395 2617 est
1416 2579 1628 2630 posterieur

231 2640 277 2676 de
307 2649 388 2689 sept
413 2641 506 2676 mois
527 2645 546 2676 -ξι
571 2640 807 2677 l’assassinat.
834 2642 1008 2677 L’erretu·
1042 2639 1088 2676 de
1108 2639 1270 2676 Thomas
1292 2639 1400 2676 Rasin
1422 2639 1526 2676 vient
1543 2651 1630 2675 sans

230 2699 343 2736 doute
365 2699 411 2735 de
426 2714 467 2735 ce
487 2712 559 2748 que
574 2700 607 2736 le
621 2699 693 2735 duc
713 2699 758 2736 de
778 2702 1002 2748 Rom-gogne
1018 2710 1057 2734 se
1070 2697 1185 2733 tenait
1205 2699 1224 2733 ἐι
1243 2700 1384 2747 Troyes
1400 2697 1552 2746 lorsque
1574 2697 1627 2732 fut

231 2759 409 2809 negoc·iee
427 2759 635 2795 l'entrevue
649 2759 694 2795 de
709 2761 941 2794 Montereau.
957 2757 1013 2794 Cf.
1031 2756 1262 2801 Monstrelet,
1278 2756 1345 2793 liv.
1360 2760 1392 2804 Ι,
1410 2757 1469 2795 ch,
1495 2769 1604 2792 ccxx.

287 2821 322 2854 9..
356 2819 384 2854 ll
408 2821 582 2867 s’avanqa
603 2818 761 2855 d’abord
777 2818 927 2867 jusqu⁷÷2
941 2816 1270 2865 Bray·sur-Seine.
