2037 3442
377 312 390 344 Ἰ
404 311 449 344 ’72
759 309 1052 344 HISTORIARU
1060 310 1094 343 M
1123 309 1300 344 CAROLI
1327 311 1394 344 VII

381 398 429 434 ut
453 403 617 432 omnes
639 387 769 448 regni
795 386 959 431 incolae
984 386 1044 431 ad
1065 396 1232 431 nutum
1251 387 1370 448 regis
1392 403 1419 432 a
1442 390 1764 450 quaestoribus,

376 480 491 525 quos
520 462 756 526 generales
781 461 1089 508 financiarum
1111 462 1364 526 appellant,
1391 473 1436 509 et
1459 480 1623 510 eorum
1643 481 1769 511 com-

374 540 521 585 missis
545 556 599 584 ac
625 538 915 597 satellitibus,
946 538 1190 584 talliabiles
1214 538 1400 602 publice
1423 540 1765 604 praedicentur,

373 616 431 662 de
464 617 682 680 factoque
712 616 1046 661 immanissime
1075 615 1335 675 tallientur,
1362 618 1550 665 nemine
1574 619 1621 664 in
1652 635 1767 664 con-

374 693 568 738 trarium
593 693 793 739 audente
828 693 998 738 mutire
1021 692 1093 738 vel
1119 694 1257 738 etiam
1280 694 1558 757 supplicare.
1587 696 1770 741 Pericu-

372 768 514 814 losius
535 769 661 814 enim
681 769 803 815 circa
818 767 911 814 hoc
926 785 1096 823 errare,
1115 784 1256 831 quam
1278 769 1315 814 si
1335 778 1485 815 totum
1503 770 1768 833 symbolum

374 844 482 890 fidei
507 844 832 907 abnegaretur,
862 861 887 891 a
911 844 1183 890 satellitibus
1209 846 1466 908 tyrannidis
1495 846 1764 907 duceretur3

373 931 418 967 et
434 921 576 969 veluti
595 923 772 968 crimen
792 923 907 968 laesae
925 922 1174 984 majestatis
1192 923 1478 982 admisisset,
1502 924 1583 986 qui
1606 934 1769 971 contra

372 1016 674 1064 quocumque
690 1000 836 1046 niodo
854 999 1031 1063 aliquid
1048 1000 1337 1063 loqueretur,
1364 1000 1488 1046 illico
1507 1001 1766 1064 puniretur.

373 1076 497 1130 Quin
522 1087 677 1123 autem
696 1077 891 1123 servitus
913 1075 1237 1138 hujuscemodi
1260 1077 1439 1123 tamdiu
1453 1077 1681 1144 duratura
1693 1078 1766 1137 sit,

373 1153 597 1214 quamdiu
625 1171 791 1200 manus
809 1154 886 1199 illa
912 1154 1212 1217 stipendiaria
1235 1155 1294 1200 ad
1312 1164 1496 1200 tantum
1520 1171 1768 1201 numerum

375 1229 629 1275 retineatur
646 1266 657 1288 ,
688 1231 843 1276 nullus
872 1229 1105 1292 ambigere
1125 1231 1280 1277 debet.
1305 1234 1385 1277 Est
1416 1232 1540 1277 enim
1566 1232 1665 1295 ipsa
1687 1231 1769 1277 hu-

368 1305 631 1365 juscemodi
646 1307 876 1352 servitutis
894 1307 1205 1353 conservatrix
1225 1325 1233 1353 :
1252 1324 1278 1352 a
1291 1324 1400 1371 qua,
1420 1308 1586 1371 procul
1603 1306 1764 1366 dubio,

373 1383 597 1442 quamdiu
629 1383 895 1440 duraverit,
923 1400 1121 1445 regnum
1148 1384 1473 1446 hujuscemodi
1499 1384 1664 1446 jugum
1689 1400 1770 1429 ex-

372 1467 532 1504 cutere
567 1476 664 1504 non
699 1459 894 1522 poterit,
930 1459 1008 1505 sed
1041 1460 1126 1505 sub
1158 1460 1321 1507 eadem
1358 1462 1576 1507 servitute
1609 1461 1769 1506 miser-

373 1533 489 1579 rime
515 1545 654 1597 atque
679 1535 987 1581 infelicissime
1010 1536 1263 1598 languebit.

437 1612 586 1675 Atque
608 1612 791 1658 utinam
814 1613 856 1657 ei
881 1611 1124 1659 dumtaxat
1143 1615 1349 1659 servituti
1377 1613 1660 1660 tributorum
1685 1612 1768 1658 ad-

371 1687 481 1749 jecti
513 1688 717 1734 infelices
751 1688 1021 1751 regnicolae,
1063 1689 1155 1735 hoc
1194 1690 1351 1736 medio
1382 1692 1597 1736 miseram
1624 1691 1768 1735 vitam

377 1773 527 1810 tutam
556 1774 697 1827 atque
716 1765 921 1827 quietam
948 1765 1132 1811 trahere
1156 1765 1371 1829 possent!
1401 1776 1519 1812 esset
1551 1767 1677 1811 enim
1699 1776 1770 1812 ut-

377 1857 578 1904 cumque
601 1841 841 1887 tolerabile
869 1841 1060 1887 malum.
1084 1844 1221 1905 Atqui
1236 1843 1465 1906 profecto,
1484 1843 1613 1906 quod
1632 1842 1769 1904 longe

377 1918 560 1980 gravius
583 1928 722 1981 atque
760 1918 999 1964 molestius
1023 1928 1090 1964 est
1113 1919 1324 1978 tributis,
1358 1921 1496 1966 etiam
1522 1919 1693 1964 militiae
1717 1918 1770 1962 il-

375 1994 463 2040 lius
498 1995 793 2041 conductitiae
819 1995 1115 2053 insolentias,
1151 1997 1366 2058 injurias,
1393 1997 1578 2060 rapinas
1603 2004 1649 2040 et
1671 2010 1771 2039 mo-

373 2071 543 2131 lestias,
577 2088 691 2135 quas
712 2072 837 2118 nulla
862 2073 1136 2134 eloquentiae
1160 2074 1226 2118 vis
1255 2073 1536 2119 sufficienter
1555 2088 1769 2117 enarrare

374 2159 560 2212 posset,
597 2149 766 2210 jugiter
797 2159 841 2195 et
865 2150 1089 2196 continuo
1129 2149 1332 2213 perferre
1356 2165 1544 2194 necesse
1566 2147 1764 2207 habent,

374 2227 420 2271 lii
462 2227 716 2290 praesertim
748 2228 827 2290 qui
871 2244 977 2273 rura
1014 2227 1252 2284 incolunt3
1293 2243 1379 2272 nec
1411 2226 1470 2272 ab
1509 2226 1572 2270 eis
1611 2235 1766 2270 tamen

377 2303 581 2349 evadunt
616 2304 847 2350 immunes
866 2342 876 2362 ,
920 2305 1000 2367 qui
1023 2304 1227 2349 civitates
1251 2312 1295 2348 et
1318 2302 1493 2366 oppida
1521 2310 1564 2346 et
1588 2302 1769 2346 minuta

375 2381 476 2426 loca
497 2381 786 2439 inhabitant,
811 2381 935 2445 apud
960 2398 1077 2444 quos
1102 2381 1346 2426 ordinariae
1370 2379 1767 2442 hujusmodicon-

379 2458 580 2503 ‹itictitiae
605 2457 913 2522 stipendiariae
944 2458 1115 2502 militiae
1141 2468 1292 2503 certus
1320 2473 1544 2502 numerus
1565 2473 1651 2519 pro
1676 2465 1766 2500 sta-

381 2534 505 2578 tione
528 2533 645 2580 solet
667 2534 904 2580 collocari.
927 2537 1043 2579 Cum
1062 2533 1154 2579 hoc
1178 2534 1303 2580 enim
1327 2533 1455 2596 quod
1479 2533 1591 2579 tales
1610 2548 1768 2578 secum

383 2608 557 2654 habere
581 2610 786 2673 hospites
803 2649 813 2669 ,
838 2611 984 2657 velint
1000 2648 1010 2668 ,
1034 2611 1210 2670 nolint,
1236 2621 1467 2673 eoguntur
1494 2610 1616 2655 cives
1638 2609 1765 2654 loco-

380 2702 484 2730 rum
500 2721 510 2741 ,
539 2686 695 2747 eisque
725 2689 782 2732 de
815 2689 945 2733 omni
969 2688 1226 2733 necessaria
1250 2698 1295 2732 et
1318 2704 1413 2732 non
1439 2685 1583 2731 modo
1608 2701 1766 2730 neces-

376 2763 490 2808 saria
512 2799 522 2820 ,
551 2777 712 2806 verum
746 2764 882 2808 etiam
906 2764 1185 2826 voluptuosa
1222 2763 1457 2808 interdum
1480 2760 1763 2824 supellectile
