2142 3473
491 353 540 388 22
872 345 1214 384 HISTORIARUM
1241 344 1421 380 CAROLI
1446 345 1515 380 VlI

555 434 661 476 Haec
693 445 803 474 cum
829 444 910 473 rex
945 426 1162 484 dixisset,
1196 425 1317 471 miro
1344 424 1491 470 modo
1526 426 1793 470 animorum
1817 441 1896 470 au—

489 508 623 554 dacia
642 505 799 567 Anglis
818 503 1043 563 accrevit,
1069 500 1467 565 cognoscentibus
1484 501 1594 564 ipsis
1611 518 1745 547 suam
1762 517 1896 564 pror—

488 601 564 630 sus
582 581 835 647 periclitari
862 580 1088 639 salutem,
1116 579 1207 626 nisi
1232 578 1412 624 fortiter
1439 577 1711 625 dimicando
1736 577 1896 624 hostes

488 668 767 725 superarent
775 695 783 704 .

962 869 1302 916 CAPITULUM
1336 870 1415 914 IX.

709 1006 874 1040 Proelium
887 1004 984 1052 apud
1002 1008 1035 1038 A
1036 1006 1167 1050 gincort
1180 1004 1272 1038 inter
1287 1004 1441 1038 Francos
1455 1012 1488 1038 et
1503 1003 1637 1050 Anglos
1652 1004 1678 1038 ¹.

550 1127 819 1173 Clamorem
836 1125 976 1187 igitur
998 1124 1108 1170 satis
1131 1123 1427 1171 horrendum
1450 1123 1689 1182 tollentes,
1714 1141 1898 1188 coepere

490 1204 672 1267 magnis
695 1202 874 1250 viribus
898 1218 1033 1248 arcus
1054 1201 1307 1247 extendere
1321 1238 1332 1260 ,
1358 1211 1403 1247 et
1425 1201 1516 1248 tela
1537 1202 1585 1247 in
1607 1201 1766 1248 hostes
1789 1202 1896 1248 mit—

486 1291 608 1338 tere,
637 1281 684 1325 in
718 1289 850 1326 tanta
879 1278 1073 1341 quidem
1105 1279 1470 1335 numerositate,
1512 1287 1565 1324 ut
1601 1278 1662 1325 ad
1699 1279 1897 1326 modum

484 1357 733 1422 cujusdam
755 1356 897 1402 nubis
918 1372 1085 1402 eorum
1102 1355 1308 1401 densitas
1327 1355 1500 1402 coelum
1521 1355 1779 1401 obduceret
1797 1391 1808 1413 ,
1832 1366 1894 1416 et,

486 1454 542 1483 ex
559 1445 630 1481 tot
652 1435 854 1497 sagittis,
876 1433 1003 1480 velut
1020 1450 1150 1495 seges
1174 1433 1329 1495 aliqua
1351 1433 1511 1479 fertilis
1534 1434 1581 1478 in
1604 1448 1774 1496 campo
1796 1433 1897 1496 ipso

486 1514 656 1561 oborta
683 1521 879 1575 repente
906 1511 1170 1568 videretur3
1199 1510 1604 1575 procedentesque
1635 1510 1898 1572 sagittando

485 1590 547 1636 ad
576 1589 759 1649 hostes,
785 1597 854 1634 tot
876 1605 931 1634 ex
957 1588 1112 1650 equis,
1139 1588 1187 1632 in
1215 1587 1388 1650 quibus
1415 1586 1684 1633 insidebant
1706 1588 1896 1642 Franci,

486 1664 859 1727 hominibusque
887 1663 1224 1721 vulnerarunt,
1264 1662 1480 1726 pluribus
1521 1663 1663 1709 etiam
1701 1663 1894 1721 occisis,

485 1741 641 1805 quod,
661 1741 938 1805 priusquam
952 1756 1119 1785 manus
1139 1740 1344 1785 inserere
1364 1749 1579 1802 possent,
1603 1739 1898 1800 Francigenis

486 1829 615 1881 terga
638 1817 929 1863 vertentibus
961 1827 1008 1863 et
1041 1817 1395 1879 compressione
1418 1825 1582 1861 mutua
1611 1832 1658 1861 se
1693 1816 1896 1862 invicem

487 1893 854 1952 suffocantibus,
883 1909 1030 1957 parvo
1065 1902 1173 1956 post
1208 1891 1369 1938 labore
1408 1900 1455 1937 et
1488 1890 1619 1937 nullo
1651 1908 1784 1955 paene
1812 1909 1898 1939 ne-

488 1972 636 2034 goti0‚
660 1971 858 2017 victoria
880 1970 1082 2032 Anglicis
1104 1970 1309 2015 cesserit.
1333 1967 1593 2014 Miserabile
1616 1978 1714 2014 erat
1743 1971 1897 2015 statim

488 2048 649 2095 videre
669 2057 741 2106 ut,
769 2048 919 2111 ruptis
944 2046 1218 2106 ordinibus,
1247 2046 1295 2091 in
1323 2046 1425 2108 ipso
1450 2048 1740 2090 Francorum
1767 2061 1895 2091 exer-

488 2126 584 2171 citu
609 2124 826 2171 confusio
850 2124 969 2170 facta
991 2123 1141 2169 fuerat
1157 2162 1168 2178 ‚
1198 2131 1246 2168 et
1269 2121 1391 2168 elabi
1419 2137 1502 2185 per
1526 2121 1684 2183 fugam
1706 2120 1897 2184 plurimi

487 2212 774 2249 conarentur
793 2219 805 2259 3
835 2200 1083 2264 quomodo
1109 2200 1273 2246 decem
1295 2198 1553 2260 Anglorum
1573 2208 1765 2244 centum
1784 2215 1898 2261 pro-

487 2289 797 2342 sequerentur
818 2288 865 2325 et
886 2295 1009 2324 unus
1027 2278 1218 2335 decem;
1245 2277 1345 2340 qui,
1371 2292 1481 2322 cum
1504 2274 1564 2322 ab
1588 2276 1745 2338 Anglis
1768 2292 1898 2322 com-

488 2354 914 2419 prehenderentur,
960 2354 1080 2401 nihil
1122 2353 1403 2400 reluctantes
1441 2368 1529 2398 nec
1575 2353 1719 2398 ullam
1765 2369 1897 2416 spem

488 2432 790 2494 defensionis,
812 2433 900 2480 nisi
921 2434 967 2479 in
989 2433 1088 2479 sola
1104 2433 1230 2495 fuga,
1247 2440 1495 2495 ponentes,
1515 2430 1893 2486 trucidabantur,

487 2509 561 2556 vel
598 2511 821 2572 gregatim
857 2520 909 2556 ut
953 2527 1128 2575 pecora
1161 2508 1472 2555 ducebantur.
1514 2507 1895 2570 Cecideruntque

487 2657 600 2682 rence
623 2644 920 2693 d’authenticite',
942 2661 991 2684 au
1016 2646 1074 2684 roi
1099 2646 1377 2698 d’Angleterre.
1410 2646 1668 2684 Clzronicoram
1697 2646 1820 2682 Caroli
1844 2647 1901 2681 VI

486 2703 552 2741 lib.
576 2706 800 2750 XXXVLC.
821 2719 904 2745 vm.
922 2709 1051 2753 (Tome
1062 2709 1108 2753 V,
1125 2721 1162 2757 p.
1183 2709 1257 2743 555
1279 2705 1326 2742 de
1346 2704 1517 2741 l’cdition
1530 2704 1576 2742 de
1592 2708 1642 2742 M.
1669 2704 1895 2755 Bellaguet.)

488 2822 499 2858 ¹
541 2765 578 2800 1.
610 2762 789 2813 Chapitre
819 2763 997 2802 intercale
1031 2765 1125 2802 dans
1159 2766 1213 2803 les
1244 2767 1410 2802 Annales
1438 2766 1642 2811 Flandriae‚
1670 2763 1718 2801 de
1747 2766 1893 2812 Meyer,

507 2853 515 2861 .
539 2824 623 2861 XV.
