2037 3442
744 313 887 348 LIBER
914 314 1139 359 QUINTUS.
1566 316 1635 351 3⁸21

245 404 297 433 ac
322 390 408 452 piis
428 400 470 436 et
495 391 677 438 devotis
697 395 908 440 Ecclesiae
934 395 1356 459 supplicationibus
1379 396 1606 460 indigeret
1627 416 1635 442 z

247 465 371 511 unde
413 484 499 512 nec
536 468 726 514 feliciter
759 486 844 515 nec
882 470 1027 516 fauste
1062 472 1148 517 sibi
1184 489 1283 518 rem
1316 490 1641 535 processuram

245 543 553 600 existimaret,
586 546 623 589 si
647 562 799 591 sacras
822 547 1119 592 ecclesiarum
1152 550 1374 611 pecunias
1399 551 1532 612 (quae
1553 551 1643 596 usi-

244 616 331 662 bus
372 621 510 664 sacris
545 631 589 665 et
625 638 866 665 servorum
904 623 989 666 Dei
1028 639 1081 668 ac
1114 640 1375 686 pauperum
1412 627 1644 672 alimoniae

245 693 475 757 deputatae
508 696 729 757 fuissent)
754 697 801 741 in
836 698 1060 760 profanos
1094 716 1204 744 usus
1238 716 1510 760 guerrarum
1538 719 1643 749 sua-

246 789 347 816 rum
369 783 659 818 converteret
677 792 687 830 3
712 790 798 819 nec
816 774 1033 836 expedire
1054 774 1141 820 sibi
1159 776 1290 838 quod
1306 776 1417 822 tales
1436 779 1645 839 pecuniae

245 850 337 893 suis
359 851 765 912 permiscerentur.
795 851 930 896 Unde
949 887 959 907 ,
982 851 1086 896 licet
1106 862 1206 897 tum
1233 852 1292 898 ad
1322 869 1511 914 guerras
1540 871 1645 900 suas

244 925 552 987 perficiendas
583 942 751 989 magna
782 928 1055 972 necessitate
1080 928 1388 990 pecuniarum
1420 929 1644 973 constric-

246 1011 317 1047 tus
346 1003 481 1048 fuerit
511 1004 603 1064 (ita
626 1014 675 1048 ut
709 1002 766 1048 ad
799 1013 987 1049 mutuas
1023 1003 1359 1066 exquirendaS,
1388 1006 1645 1068 praesertim

245 1077 304 1123 ab
337 1081 599 1141 argentario
631 1096 716 1125 suo
748 1079 926 1125 Jacobo
958 1081 1149 1139 Cordis,
1179 1081 1237 1126 de
1267 1097 1362 1142 quo
1399 1098 1538 1144 supra
1572 1098 1646 1126 re-

247 1155 466 1213 tulimus,
502 1157 639 1202 fuerit
677 1156 763 1202 sibi
796 1158 1108 1203 necessarium
1148 1158 1446 1221 pervenire),
1489 1167 1644 1203 tamen

245 1247 331 1276 nec
370 1232 584 1277 ecclesias
618 1233 748 1294 regni
789 1233 882 1289 sui,
926 1250 1014 1278 nec
1053 1233 1385 1280 ecclesiasticas
1422 1250 1647 1297 personas

243 1308 402 1370 aliquo
446 1309 708 1355 collationis
753 1310 825 1355 vel
872 1310 1128 1356 exactionis
1173 1327 1369 1356 munere
1411 1313 1642 1357 oneravit.

244 1384 334 1429 Sed
390 1395 435 1430 et
483 1403 591 1432 cum
636 1385 890 1448 aliquando
911 1423 922 1445 ,
974 1395 1224 1448 postquam
1272 1386 1331 1432 al)
1379 1385 1647 1432 infidelibus

246 1461 356 1506 urbs
380 1462 840 1525 Constantinopolis,
866 1462 1007 1507 totius
1029 1462 1267 1508 orientalis
1293 1463 1538 1524 quondam
1563 1463 1648 1508 im-

243 1538 359 1600 perii
394 1538 526 1584 sedes
558 1549 603 1584 et
637 1549 803 1602 caput,
837 1539 959 1602 proh
995 1538 1165 1585 dolor!
1204 1550 1341 1603 capta
1370 1540 1647 1603 direptaque

245 1615 403 1661 suisset
420 1652 431 1674 ,
468 1619 707 1662 Romanus
738 1616 946 1679 pontifex
973 1615 1031 1661 ab
1056 1616 1259 1662 ecclesiis
1285 1627 1331 1662 et
1353 1617 1480 1662 clero
1518 1617 1648 1679 regni

243 1703 288 1737 et
316 1693 624 1756 Delpliinatus
656 1693 888 1738 decimam
914 1694 1128 1738 omnium
1159 1703 1479 1756 proventuum
1503 1694 1648 1739 eccle-

244 1768 536 1813 siasticorum
555 1777 849 1830 exposceret,
876 1767 938 1812 ob
959 1784 1159 1830 eamque
1178 1784 1275 1813 rem
1301 1768 1646 1830 exsequendam

246 1844 494 1903 Alanum¹,
533 1844 820 1890 cardinalem
855 1845 1229 1890 Avenionensem
1263 1845 1403 1907 vulgo
1435 1846 1646 1909 appella-

248 1931 364 1974 tum,
387 1921 444 1966 ad
459 1938 655 1982 regnum
672 1921 969 1975 destinasset,
990 1922 1183 1984 quinon
1206 1921 1466 1967 secundum
1492 1932 1647 1968 taxam

248 1997 321 2042 vel
347 1998 605 2043 secundum
636 2015 800 2043 verum
829 1998 1037 2043 valorem
1064 1998 1404 2044 beneficiorum
1431 1999 1648 2045 eamdem

246 2074 400 2120 levare
423 2084 467 2119 et
487 2075 705 2136 colligere
725 2074 987 2120 conabatur
1012 2075 1174 2137 (quod
1213 2075 1390 2121 clerum
1415 2076 1545 2137 regni
1579 2075 1650 2121 sui

249 2151 407 2197 multis
442 2152 713 2214 magnisque
747 2151 969 2197 molestiis
994 2161 1039 2196 et
1065 2151 1389 2198 vexationibus
1425 2151 1650 2198 involvis-

248 2229 368 2289 set),
396 2245 422 2274 a
446 2228 642 2292 praelatis
664 2238 710 2273 et
733 2229 859 2273 clero
890 2229 1189 2274 Normanniae
1219 2229 1276 2274 ad
1300 2228 1392 2274 hoc
1415 2228 1650 2274 advisatus

248 2316 292 2351 et
311 2315 497 2367 rogatus
517 2343 527 2365 ,
554 2322 649 2350 non
668 2305 780 2350 alias
797 2304 1070 2366 hujusmodi
1093 2305 1327 2351 decimam
1352 2306 1397 2350 in
1420 2308 1652 2352 Norman-

248 2383 324 2427 nia
345 2382 485 2428 levari
506 2382 744 2445 permisit,
772 2397 915 2443 quam
938 2381 1198 2427 secundum
1222 2391 1373 2427 taxam
1398 2398 1495 2427 non
1527 2392 1652 2428 vete·

247 2476 347 2504 rem
373 2459 451 2504 sed
479 2458 736 2504 reductam.
776 2460 844 2502 De
879 2474 974 2520 qua
1009 2474 1058 2503 re
1091 2458 1255 2514 etiam,
1286 2466 1331 2502 et
1361 2457 1490 2520 quod
1520 2458 1653 2505 aliter

250 2535 392 2581 levari
418 2535 608 2580 minime
632 2534 853 2593 deberet,
883 2533 1121 2596 privilegia
1143 2533 1400 2597 apostolica
1420 2532 1509 2579 sibi
1529 2534 1654 2580 exhi-

306 2711 342 2745 1.
375 2708 483 2745 Alain
510 2706 557 2745 de
583 2707 755 2757 Co'e'tivy,
789 2706 934 2755 eveque
963 2705 1193 2757 d'Avignon.
1227 2709 1278 2744 La
1308 2706 1473 2758 legation
1507 2706 1600 2743 dont
1630 2706 1655 2742 il

257 2777 314 2807 est
334 2769 507 2818 question
527 2768 575 2805 ici
596 2776 659 2805 eut
681 2767 757 2804 lieu
776 2779 822 2804 en
845 2767 959 2803 1456.

359 2848 371 2869 1
1394 2832 1438 2868 21
