2142 3473
486 330 533 365 12
861 329 1201 365 HISTORIARUM
1231 329 1409 364 CAROLI
1438 330 1503 365 VII

484 425 675 473 prorsus
699 410 980 453 exstinctum
1001 408 1075 466 sit,
1099 408 1181 453 sed
1205 425 1337 454 more
1354 409 1515 471 hydrae
1532 413 1881 474 serpentis,uno

482 484 662 529 succiso
681 484 854 547 capite,
877 483 966 529 alia
979 495 1302 542 renascantur,
1321 494 1382 541 et,
1410 485 1567 533 avulsa
1590 503 1685 533 una
1706 487 1879 546 radice,

482 560 638 606 adhuc
673 577 726 606 ex
766 569 922 606 vetere
953 561 1188 606 malorum
1212 561 1528 607 nefandorum
1551 564 1721 610 iterum
1746 574 1884 627 atque

482 653 605 682 nova
628 636 846 699 pestifera
867 653 996 699 seges
1016 637 1258 699 exsurgit1.

548 716 695 758 Porro
720 713 862 758 duces
892 713 1295 758 Aurelianensium
1317 714 1549 777 partium,
1579 716 1660 775 qui
1681 715 1768 761 sub
1793 732 1884 760 no-

483 789 611 835 mine
633 791 762 852 regio
787 789 1073 846 militabant,
1090 806 1205 852 quas
1222 800 1481 854 potuerunt
1507 790 1647 836 urbes
1671 801 1715 836 et
1736 801 1886 838 turres

483 867 755 912 munierunt
778 877 917 929 atque
941 876 1222 925 tenuerunt,
1246 884 1305 912 ne
1326 867 1386 914 ad
1411 877 1565 931 partes
1593 868 1887 930 Burgundio-

482 960 596 989 num
619 943 891 989 deficerent.
911 943 1030 989 Alias
1047 960 1159 989 vero
1178 960 1280 1005 quae
1301 943 1596 990 suasionibus
1609 981 1620 999 ,
1639 960 1754 1005 quas
1773 961 1888 1007 prae-

483 1018 715 1076 misimus,
748 1028 793 1063 et
817 1017 1208 1064 machinamentis
1237 1017 1297 1063 ad
1322 1033 1398 1064 eas
1422 1028 1576 1082 partes
1598 1028 1887 1064 accesserant

483 1102 527 1138 et
560 1110 730 1155 magna
762 1093 1009 1139 affectione
1043 1093 1368 1152 adhaerebant,
1402 1110 1645 1140 armorum
1678 1094 1888 1157 potentia

482 1169 705 1216 edomare
729 1180 868 1232 atque
897 1186 1172 1234 recuperare
1196 1170 1494 1217 studuerunt.
1522 1173 1579 1216 Et
1601 1172 1760 1234 plures
1785 1172 1888 1232 qui-

482 1246 591 1292 dem
624 1248 672 1292 in
697 1247 832 1311 plaga
854 1247 1081 1293 Occitaua
1115 1264 1263 1311 parvo
1288 1249 1481 1310 negotio
1515 1249 1563 1293 in
1595 1248 1886 1294 deditionem

481 1333 782 1387 receperunt,
807 1324 882 1370 vel
917 1324 1058 1370 etiam
1082 1335 1498 1388 expugnaverunt3
1527 1325 1730 1387 aliquas²
1748 1343 1884 1383 vero,

482 1401 555 1446 vel
590 1401 768 1463 majore
797 1401 1087 1464 populorum
1113 1402 1375 1464 frequentia
1397 1401 1608 1461 refertas,
1633 1402 1708 1448 vel
1732 1402 1889 1461 adire-

481 1477 740 1523 sistendum
759 1478 959 1524 validius
989 1488 1033 1524 et
1054 1478 1295 1525 robustius
1327 1480 1666 1537 communitas,
1694 1480 1890 1525 minime

484 1564 775 1618 receperunt.
806 1557 978 1616 Regem
999 1565 1156 1601 autem
1180 1557 1360 1620 ipsum,
1385 1573 1527 1619 quem
1549 1556 1720 1601 mentis
1743 1556 1891 1620 impo-

483 1641 577 1676 tem
618 1641 662 1677 et
701 1632 954 1695 prudentia
990 1643 1222 1679 exsortem
1265 1633 1439 1679 factum
1483 1633 1622 1679 fuisse
1657 1633 1885 1688 diximus,

483 1723 593 1753 cum
617 1708 820 1754 exercitu
842 1708 1148 1767 validissimo,
1169 1710 1421 1755 contractis
1441 1710 1584 1755 totius
1606 1725 1738 1771 paene
1756 1709 1889 1770 regni

481 1784 681 1844 viribus,
703 1795 811 1830 ante
833 1785 1107 1831 Atrebatum
1128 1785 1364 1831 duxerunt
1385 1786 1487 1848 (qui
1506 1786 1555 1830 in
1578 1785 1780 1830 exercitu
1802 1801 1888 1830 suo

483 1871 674 1906 centum
706 1870 996 1907 armatorum
1022 1861 1167 1906 millia
1192 1871 1292 1906 tum
1323 1855 1542 1907 asseritur
1565 1861 1826 1921 habuisse),
1845 1871 1890 1906 et

482 1937 545 1982 ibi
578 1955 663 2002 per
686 1938 867 2000 aliquot
893 1937 1220 1983 hebdomadas
1253 1948 1403 1983 castra
1432 1937 1594 1983 metati
1617 1946 1742 1983 sunt.
1770 1940 1888 1983 Cum

482 2031 595 2060 vero
635 2015 759 2060 cives
785 2031 869 2078 per
893 2015 1111 2071 nuntios,
1136 2031 1256 2076 quos
1280 2014 1340 2060 ad
1375 2030 1532 2075 regem
1564 2013 1885 2071 destinarunt,

484 2091 818 2156 profiterentur
840 2091 1074 2136 civitatem
1097 2090 1225 2136 illam
1256 2090 1345 2135 sibi
1378 2090 1567 2135 fidelem
1602 2099 1742 2150 atque
1775 2089 1890 2135 obe-

483 2169 693 2215 dientem
719 2185 844 2224 esse,
871 2168 1082 2230 nihilque
1115 2168 1303 2213 subesse
1339 2184 1488 2213 causae
1524 2176 1718 2230 propter
1748 2183 1890 2229 quam

484 2264 581 2306 eos,
599 2247 793 2292 minime
807 2245 894 2291 sibi
912 2245 1222 2303 adversarios,
1238 2245 1378 2290 armis
1392 2245 1617 2308 impetere
1631 2243 1886 2301 debuisset,

485 2323 795 2369 obtinuerunt
817 2333 869 2369 ut
890 2339 996 2381 rex,
1022 2323 1174 2368 soluta
1194 2321 1466 2378 obsidione,
1497 2320 1801 2367 discederet?

538 2476 575 2510 1.
606 2473 692 2510 Ceci
713 2487 735 2511 a
754 2472 813 2510 e‘te
833 2472 927 2510 ecrit
943 2485 991 2510 en
1011 2474 1129 2510 1471.

539 2533 577 2569 2.
607 2532 734 2569 Plutot
752 2535 863 2569 alias.

541 2594 576 2628 3.
602 2594 654 2628 Le
673 2592 775 2642 siege
794 2592 948 2629 d’Arras
980 2600 1044 2629 eut
1074 2591 1152 2629 lieu
1180 2603 1227 2628 en
1249 2592 1348 2627 1414
1368 2589 1478 2639 apres
1499 2589 1533 2625 le
1565 2601 1626 2625 sac
1653 2588 1699 2625 de
1721 2586 1890 2625 Soissons

487 2650 664 2700 rapporte'
684 2650 777 2688 dans
795 2651 831 2688 le
847 2651 1016 2702 chapitre
1030 2651 1095 2701 qui
1111 2650 1197 2688 suit.
1214 2653 1267 2687 Le
1287 2648 1395 2686 traite
1410 2648 1548 2698 auquel
1570 2647 1735 2685 l’auteur
1757 2645 1822 2682 fait
1842 2644 1888 2680 ici

489 2712 650 2750 allusion
665 2742 675 2759 ,
697 2722 753 2750 est
774 2712 868 2750 dans
886 2713 1121 2760 Monstrelet,
1147 2712 1173 2748 l.
1197 2715 1229 2759 I,
1252 2725 1284 2747 c.
1309 2712 1401 2748 134.
