2037 3442
711 340 853 376 LIBER
881 341 1123 386 QUARTUS.
1549 338 1618 377 181

234 421 480 479 fovendos,
499 421 702 483 aliasque
713 421 924 484 publicas
937 423 1065 485 regni
1078 422 1387 480 necessitates,
1403 422 1450 467 in
1463 431 1627 485 quarta

232 506 361 560 parte
385 496 679 559 vectigalium
713 507 757 542 et
793 497 1078 544 tributorum
1112 514 1307 559 regnum
1336 514 1432 543 non
1462 513 1628 559 grava-

231 572 369 618 batur
389 574 508 619 illius
534 575 819 636 quantitatis,
839 592 940 637 quae
963 576 1016 619 iis
1037 574 1295 620 infelicibus
1316 574 1624 639 temporibus,

230 649 315 694 sub
340 660 562 712 praetextu
590 651 923 697 servandarum
947 661 1085 713 atque
1117 651 1468 696 retinendarum
1502 650 1628 696 mille

231 736 275 771 et
298 728 664 789 ‹·1ui1ige11tarum
688 728 980 786 lancearum,
1008 728 1267 790 imponitur
1286 736 1330 771 et
1354 727 1548 772 levatur.
1572 729 1628 772 Et

229 812 328 848 erat
363 814 519 849 tumen
559 814 670 850 tunc
700 820 923 866 regnum,
948 819 1090 866 quam
1113 819 1262 862 nunc,
1289 819 1420 866 paene
1445 803 1628 848 incom-

233 880 500 943 parabiliter
545 892 589 927 et
634 881 907 945 populosius
950 891 994 926 et
1038 879 1294 943 majoribus
1341 878 1514 923 divitiis
1556 895 1628 923 re-

231 958 414 1002 fertum.

294 1034 384 1079 Sed
403 1034 461 1080 de
482 1034 570 1079 hoc
585 1036 690 1080 satis
702 1054 712 1093 3
724 1036 821 1096 jam
836 1035 894 1080 ad
908 1043 1075 1079 nostrae
1096 1032 1375 1078 narrationis
1392 1031 1626 1088 ordinem,

229 1126 254 1155 a
277 1127 369 1172 qua
393 1112 638 1172 occasione
663 1112 840 1157 ordinis
858 1112 902 1155 in
924 1110 1162 1155 Gallicana
1187 1109 1352 1155 militia
1377 1119 1489 1155 tunc
1514 1109 1631 1153 inse-

230 1187 349 1244 cuti,
377 1187 568 1247 digressi
589 1188 831 1250 paululum
856 1203 1035 1246 sumus,
1059 1195 1366 1232 revertamur.

696 1382 1029 1427 CAPITULUM
1063 1383 1160 1425 VII.

289 1514 444 1556 Qualiter
460 1515 658 1550 Ludovicus
676 1516 862 1562 delphinus
880 1515 1052 1550 Suitcnscs
1069 1527 1180 1561 prope
1195 1514 1361 1548 Basileam
1378 1513 1575 1560 prostravit.

292 1634 453 1695 Igitur,
480 1632 596 1678 dum
613 1633 808 1679 Carolus
834 1650 912 1678 rex
935 1634 982 1677 in
1004 1631 1305 1693 Lotharingia
1332 1648 1440 1677 cum
1465 1646 1634 1693 magna

228 1711 401 1756 militiae
427 1728 568 1757 manu
593 1721 734 1771 esset,
763 1711 1027 1757 Ludovicus
1059 1710 1336 1773 delphinus,
1364 1711 1462 1771 ejus
1486 1708 1631 1769 filius,

228 1797 339 1833 tunc
374 1788 560 1833 circiter
592 1788 755 1849 viginti
787 1804 1021 1833 annorum
1044 1797 1205 1845 natus,
1229 1804 1254 1833 a
1278 1787 1397 1832 duce
1423 1786 1637 1832 Austriae²

229 1874 452 1910 evocatur
475 1865 522 1909 in
547 1864 771 1911 auxilium
793 1874 958 1910 contra
983 1865 1267 1910 Suitensium
1292 1863 1519 1927 populos,
1555 1863 1636 1926 qui

229 1952 433 1988 castrum
468 1941 711 2004 quoddam
734 1944 747 1964 ²
784 1952 897 1987 tunc
937 1941 1244 1996 obsidebant,
1279 1957 1376 1986 non
1412 1940 1579 2004 procul
1609 1957 1634 1985 a
1675 1980 1678 1981 γ

229 2019 421 2064 Basilea.
443 2019 535 2074 Qui
551 2018 609 2063 ad
630 2028 774 2064 terras
789 2018 887 2064 illas
906 2035 1013 2064 cum
1033 2018 1285 2064 duodecim
1306 2028 1387 2063 aut
1406 2027 1634 2080 quatuor-

231 2095 383 2140 decim
407 2093 612 2139 millibus
630 2104 921 2140 armatorum
937 2096 1090 2141 statim
1113 2096 1355 2159 profectus
1376 2105 1460 2140 est.
1480 2099 1633 2151 Quem

229 2188 338 2217 cum
367 2172 601 2217 Suitenses
626 2173 1005 2236 appropinquare
1026 2173 1252 2219 Basileam
1274 2172 1631 2231 intellexissent,

229 2250 294 2294 eis
321 2259 433 2294 tunc
459 2249 730 2294 foederatam
752 2260 797 2295 et
822 2250 1113 2312 colligatam,
1145 2251 1205 2296 ad
1238 2250 1336 2312 ejus
1372 2249 1566 2294 tutelam
1590 2259 1636 2294 et

229 2326 552 2371 defensionem
589 2327 772 2371 circiter
801 2326 896 2372 duo
932 2327 1076 2372 millia
1105 2327 1164 2372 de
1195 2343 1280 2371 suo
1315 2327 1521 2371 exercitu
1553 2326 1634 2371 illo

231 2403 423 2448 tendere
449 2404 756 2466 imperarunt.
790 2406 908 2448 Cum
931 2414 1087 2449 autem
1107 2420 1254 2467 prope
1274 2402 1439 2447 urbem
1460 2412 1629 2461 essent,

230 2479 484 2525 multitudo
525 2490 815 2526 armatorum
847 2484 1136 2526 Francorum
1178 2480 1426 2543 intercepit
1468 2496 1633 2524 eorum

230 2560 344 2618 iter,
372 2569 503 2605 erant
540 2561 667 2605 enim
697 2576 862 2606 omnes
887 2560 1085 2623 pedites,
1127 2563 1179 2605 In
1219 2577 1300 2606 eos
1336 2561 1491 2622 itaque
1523 2576 1632 2605 cum

282 2701 318 2734 1.
353 2701 406 2735 Le
429 2698 502 2734 duc
526 2697 757 2745 d'Autriche‚
780 2697 1010 2749 Sigismond.

281 2760 319 2796 2.
353 2757 541 2793 Matthieu
573 2757 619 2794 de
647 2758 789 2807 Coussy
814 2757 868 2793 dit
892 2770 983 2794 avec
1020 2758 1104 2808 plus
1135 2757 1182 2794 de
1216 2757 1342 2794 raison
1368 2775 1383 2790 «
1408 2770 1482 2794 une
1506 2756 1633 2793 bonne

228 2816 316 2853 ville
344 2835 378 2866 ι),
401 2816 526 2853 c'etait
544 2815 695 2853 Zurich.
720 2818 803 2854 Non
817 2819 952 2865 procul
968 2831 991 2853 cz
1011 2818 1165 2854 Basilea
1184 2819 1280 2853 n'est
1299 2829 1365 2867 pas
1385 2816 1470 2866 plus
1490 2816 1602 2862 juste.
