2037 3442
417 306 491 341 180
793 302 1129 338 HISTORIARUM
1158 302 1336 336 CAROLI
1366 302 1434 336 VII

413 401 598 448 semper
633 383 725 429 illic
761 381 849 428 sub
880 381 1042 439 bellis,
1084 381 1157 426 vel
1194 381 1281 426 sub
1318 381 1556 426 bellorum
1580 383 1814 428 continuo

413 471 541 507 metu
588 459 941 520 innumerisque
987 457 1166 520 injuriis
1216 473 1269 502 ac
1315 457 1537 503 molestiis
1591 457 1814 520 degetur,

411 538 637 602 quamdiu
662 535 741 582 iila
758 546 854 581 tarn
876 547 1127 580 numerosa
1151 534 1314 580 militia
1333 535 1621 582 conductitia
1640 537 1760 582 retin
1772 554 1819 582 e-

408 616 552 673 bitur²
587 614 713 660 mille
747 613 964 659 videlicet„
987 614 1375 674 quingentarum,
1415 623 1495 658 aut
1520 631 1692 677 supra,
1723 615 1823 661 lan-

410 709 618 738 cearum.
666 695 811 749 Nam⁷
851 690 982 735 omni
1016 699 1197 736 semota
1229 689 1528 735 dubitatione
1552 727 1563 749 ⁷
1593 691 1818 752 quamdiu

411 778 540 815 tanta
566 769 842 814 retinebitur
866 767 923 813 ad
957 768 1098 830 plena
1120 767 1356 830 stipendia
1376 804 1387 826 ,
1416 783 1602 812 necesse
1624 769 1709 813 erit
1732 784 1820 831 po-

411 845 550 910 pulos
580 855 625 891 et
658 845 925 908 provincias
963 844 1094 906 regni
1128 844 1227 889 haec
1266 843 1363 888 duo
1396 844 1601 889 maxima
1638 853 1683 889 et
1720 860 1824 888 mo-

409 923 654 969 lestissima
679 937 840 978 onera,
876 920 1051 966 tributa
1086 920 1261 966 scilicet
1297 920 1357 965 ad
1393 920 1541 965 solam
1573 920 1710 965 unius
1736 937 1823 965 vo-

411 999 640 1045 luntatem
681 998 969 1062 imponenda
1000 1008 1046 1044 et
1070 997 1297 1057 taxanda,
1325 997 1465 1042 simul
1489 1014 1597 1045 cum
1626 997 1791 1042 militia
1809 1035 1820 1057 ‚

414 1076 632 1121 tolerare.

476 1152 569 1197 Tali
596 1152 817 1198 servitute
836 1151 966 1198 haud
983 1152 1080 1197 scio
1100 1168 1158 1197 an
1181 1151 1319 1197 alicui
1344 1152 1524 1214 regioni
1542 1152 1730 1197 miseria
1754 1153 1824 1197 vel

413 1230 651 1275 calamitas
681 1230 832 1290 major
866 1228 1090 1275 obvenire
1124 1230 1290 1292 possit.
1330 1233 1480 1292 Atque
1516 1229 1698 1275 utinam
1727 1229 1826 1276 haec

412 1315 575 1351 nostra.
612 1305 789 1351 falleret
819 1304 1090 1351 aestimatio!
1123 1306 1342 1351 Libenter
1375 1306 1500 1351 enim
1536 1306 1582 1350 in
1612 1305 1705 1351 hoc
1734 1306 1829 1351 salli

414 1383 781 1440 sustineremus,
806 1392 851 1427 et
874 1382 1141 1428 videremus
1164 1392 1344 1428 tantam
1369 1382 1428 1428 ad
1449 1382 1684 1445 stipendia
1708 1382 1830 1426 mili-

417 1459 528 1504 tiam
551 1459 760 1516 retineri,
784 1460 857 1503 vel
882 1459 1019 1504 etiam
1044 1460 1273 1521 majorem
1293 1497 1304 1518 ,
1341 1476 1443 1522 quae
1482 1458 1706 1505 oneribus
1741 1458 1829 1504 illis

417 1545 463 1580 et
488 1535 741 1595 molestiis,
772 1552 887 1597 quas
916 1536 1272 1598 perstrinximus
1292 1572 1303 1594 ,
1332 1536 1526 1581 minime
1550 1544 1670 1580 esset
1701 1536 1829 1596 regni

418 1612 601 1658 accolas
623 1622 886 1673 gravatura.
917 1613 1077 1658 Priscis
1097 1613 1395 1676 temporibus
1416 1629 1612 1675 regnum
1630 1615 1832 1658 Franco-

418 1707 523 1735 rum
571 1690 826 1752 aliquando
874 1690 1076 1735 multum
1123 1692 1309 1751 floruit,
1365 1708 1474 1736 cum
1520 1691 1701 1736 nullam
1752 1700 1829 1735 aut

419 1767 636 1829 exiguam
668 1767 849 1811 foveret
881 1767 1170 1812 ordinariam
1200 1768 1555 1830 stipendiariam
1590 1768 1829 1824 militiam3

419 1853 467 1889 et
505 1853 759 1906 antequam
802 1843 1031 1888 Henricus
1066 1844 1371 1900 Lancastriae‚
1417 1843 1674 1905 Anglorum
1720 1862 1795 1890 rex
1820 1881 1830 1901 ‚

421 1938 618 1983 regnum
661 1924 948 1966 Francorum
982 1937 1066 1983 per
1108 1920 1223 1966 fines
1263 1922 1562 1967 Normanniae
1594 1922 1834 1983 acquirere

422 1998 509 2042 sibi
546 2014 788 2060 aggressus
828 2007 893 2042 est
929 1998 1177 2059 (nondum
1217 1998 1499 2043 effluxerunt
1542 1999 1836 2060 septuaginta

423 2074 535 2118 anni
551 2074 602 2135 ³),
626 2074 753 2119 nulla
776 2074 876 2119 talis
894 2075 1193 2137 stipendiaria
1214 2074 1416 2119 militum
1440 2075 1669 2120 manusin
1690 2092 1834 2137 regno

426 2151 631 2195 Franeiae
660 2149 926 2210 tenebatur,
953 2151 1059 2196 licet
1090 2152 1344 2213 Anglorum
1372 2167 1503 2213 reges
1532 2151 1834 2213 Burdegalam

427 2237 472 2273 et
493 2243 715 2289 magnam
737 2227 976 2273 Vasconiae
994 2237 1175 2290 partem
1199 2227 1285 2273 sub
1306 2244 1390 2273 sua
1406 2227 1585 2273 ditione
1602 2237 1831 2274 tenerent.

432 2307 572 2348 Erant
592 2303 801 2348 contenti
826 2305 1113 2348 Francorum
1146 2320 1277 2365 reges
1311 2304 1357 2347 in
1385 2304 1520 2348 terris
1554 2304 1836 2368 limitrophis

429 2379 697 2442 aliquorum
734 2379 1153 2443 stipendiariorum
1190 2397 1442 2426 numerum
1480 2380 1752 2439 modicum,
1789 2382 1834 2425 in

428 2456 651 2519 praesidiis
666 2457 977 2503 munitiorum
992 2457 1227 2516 locorum,
1249 2459 1451 2503 retinere
1474 2477 1482 2503 ε
1503 2468 1696 2522 propter
1717 2476 1836 2522 quos

487 2645 523 2679 1.
556 2645 753 2682 Rcssexion
781 2646 870 2683 d'ou
898 2647 923 2683 il
958 2646 1097 2683 resulte
1129 2660 1203 2696 que
1229 2647 1392 2685 l’auteur
1415 2647 1572 2685 ecrivait
1602 2647 1679 2684 ceci
1713 2649 1732 2683 a
1765 2660 1838 2683 une

434 2701 581 2753 epoque
602 2717 703 2739 assez
726 2706 962 2755 rapprochee
982 2706 1028 2743 de
1048 2706 1125 2743 l’an
1148 2709 1249 2744 1475
1262 2736 1272 2753 ‚
1302 2708 1462 2758 puisque
1480 2707 1516 2743 ta
1534 2708 1718 2755 conquete
1737 2705 1783 2743 de
1805 2706 1837 2742 la

435 2761 667 2799 Normandie
688 2775 907 2811 conimenca
929 2777 976 2801 en
998 2767 1100 2801 1415
1122 2777 1192 2815 par
1214 2766 1249 2802 la
1272 2766 1374 2815 prise
1396 2764 1625 2801 d’Harsseur.
