2037 3442
702 281 840 315 LIBER
872 280 1108 325 QUARTL‘S.
1537 279 1608 313 1659

220 362 301 423 qui
324 361 589 425 sumptibus
619 361 956 423 quinquaginta
984 360 1235 405 domorum
1276 359 1445 404 armari
1478 359 1610 403 vesti-

222 438 350 500 rique
388 437 572 483 militari
609 438 884 483 vestimento
927 436 1139 494 deberet,
1174 434 1418 498 eidemque
1450 451 1607 492 arma,

220 515 402 576 quoties
441 531 559 577 opus
599 514 752 572 foret,
790 530 923 559 arcus
966 522 1010 557 et
1048 512 1267 575 pharetra
1309 512 1523 557 renovari
1567 520 1612 556 et

220 591 467 635 restaurari
493 590 737 636 haberent.
771 591 826 634 Hi
854 589 1085 651 siquidem
1111 589 1293 634 nullutn
1327 588 1611 651 stipendium

221 665 507 728 acciperent,
541 667 626 711 nisi
654 683 761 712 cum
787 683 811 711 e
846 665 1081 729 parochiis
1115 667 1207 709 suis
1242 681 1327 728 pro
1357 664 1511 725 aliqua
1534 682 1611 709 ex-

222 742 458 804 peditione
496 744 621 805 regia
661 743 1000 800 educerentur3
1039 740 1121 786 sed
1152 756 1280 786 arma
1312 756 1496 802 semper
1532 740 1613 785 ha-

220 818 381 865 bentes
413 830 569 882 parata
587 857 597 877 ,
637 820 681 864 in
714 820 806 865 suis
834 818 1010 863 aedibus
1040 825 1350 870 morarentur,
1377 815 1451 859 vel
1478 832 1612 875 agro-

220 911 323 939 rutn
360 896 572 955 culturae,
613 895 685 941 vel
727 895 918 957 alicujus
961 895 1070 939 artis
1114 893 1245 956 operi
1283 900 1420 953 atque
1457 890 1612 936 officio

222 972 479 1017 insistentes
504 983 548 1018 et
576 982 810 1018 vacantes.
848 975 912 1016 Ne
933 980 1113 1029 autem,
1143 969 1316 1031 absque
1340 969 1434 1014 ullo
1458 968 1612 1012 hono-

222 1050 342 1092 rario
366 1065 446 1092 seu
476 1048 671 1093 utilitate
687 1084 699 1105 ,
731 1064 872 1092 onere
897 1047 1068 1092 miiitiae
1093 1047 1199 1109 plus
1222 1045 1411 1105 reliquis
1439 1045 1614 1106 gravati

220 1133 481 1182 manerent,
500 1124 771 1169 immunitas
796 1123 861 1167 eis
885 1138 909 1167 a
934 1121 1141 1167 collectis
1166 1131 1211 1166 et
1234 1120 1367 1166 talliis
1391 1121 1525 1182 regiis
1547 1129 1614 1166 est

220 1200 455 1261 praestita¹.
474 1200 613 1261 Cujus
635 1198 1049 1262 contemplatione,
1076 1215 1132 1243 eo
1154 1197 1283 1259 quod
1301 1197 1434 1243 talliae
1453 1213 1614 1260 graves

220 1285 359 1337 atque
381 1292 588 1322 onerosae
614 1286 786 1336 essent,
814 1275 944 1320 facile
970 1274 1331 1321 inveniebantur
1354 1274 1510 1338 plures
1533 1274 1613 1336 qui

221 1352 280 1397 ad
305 1368 406 1397 eam
425 1369 471 1397 se
496 1354 706 1399 militiam
724 1352 983 1415 obligarent
1006 1352 1342 1414 ultroneosque
1363 1352 1609 1409 offerrent3

220 1429 315 1473 imo
352 1438 397 1473 et
434 1446 552 1493 saepe
591 1446 712 1475 unus
738 1428 959 1475 adversus
988 1429 1186 1474 alterum
1206 1466 1216 1486 ,
1252 1429 1314 1474 ob
1342 1428 1613 1491 hujusmodi

220 1505 525 1551 immunitatis
576 1506 930 1569 praerogativam
980 1521 1067 1568 pro
1129 1505 1292 1551 militia
1342 1505 1613 1567 hujusmodi

220 1582 624 1645 consequendam,
653 1583 960 1628 decertarent.
986 1585 1156 1627 Tantus
1182 1583 1347 1627 animis
1363 1600 1493 1646 paene
1517 1599 1614 1628 om—

221 1658 353 1703 nium
386 1658 611 1704 libertatis
634 1675 768 1704 amor
791 1659 979 1704 innatus
1003 1668 1098 1717 est,
1125 1672 1175 1702 ut
1194 1675 1280 1721 pro
1306 1675 1360 1704 ea
1380 1675 1427 1704 se
1451 1659 1614 1704 mortis

220 1735 475 1781 discrimini
513 1737 798 1798 quicumque
834 1735 1044 1797 generosi
1079 1735 1223 1780 animi
1262 1752 1358 1780 non
1399 1735 1613 1781 dubitent

220 1828 481 1875 exponere,
510 1829 779 1875 quanquam
808 1812 937 1858 haud
964 1822 1134 1858 temere
1162 1811 1364 1858 diffinire
1387 1813 1608 1871 velimus,

223 1898 326 1934 utra
348 1889 516 1935 harum
543 1890 817 1936 servitutum
846 1889 1030 1950 gravior
1053 1898 1130 1934 aut
1154 1888 1395 1934 molestior
1418 1890 1517 1934 viro
1541 1906 1612 1935 sa-

221 1966 364 2028 pienti
400 1967 605 2023 exsistat,
649 1966 933 2012 tr³butoru1n
963 1965 1132 2012 scilicet
1169 1975 1248 2012 aut
1285 1965 1611 2028 hujuscemodi

221 2042 446 2105 pedestris
469 2043 656 2088 militiae.

284 2118 401 2163 Talis
425 2120 561 2181 igitur
584 2119 631 2163 in
652 2119 814 2164 militia
843 2119 1035 2179 Gallica,
1060 2137 1185 2166 anno
1210 2120 1391 2165 circiter
1413 2121 1611 2167 decurso

221 2211 275 2240 ex
305 2211 399 2256 quo
434 2211 542 2241 cum
579 2195 730 2258 Anglis
765 2206 934 2258 treugae
962 2206 1105 2259 pactae
1130 2196 1348 2255 fuerant2,
1394 2197 1513 2243 ordo
1545 2207 1612 2243 est

221 2273 428 2334 positus:
458 2273 590 2318 initio
621 2272 813 2335 quidem
845 2290 941 2318 non
976 2273 1120 2319 modo
1145 2275 1296 2333 utilis,
1329 2274 1409 2320 sed
1442 2284 1487 2320 et
1508 2291 1613 2338 per-

274 2439 310 2472 1.
339 2436 428 2472 Voir
448 2436 715 2474 l'ordonnance
735 2438 798 2487 qui
819 2438 968 2475 institue
990 2447 1084 2475 cette
1105 2438 1246 2486 milice,
1270 2438 1340 2475 6116
1361 2446 1416 2474 est
1434 2437 1541 2475 datee
1561 2437 1612 2475 du

219 2498 267 2532 28
292 2494 387 2532 avril
410 2496 525 2532 1448.
550 2497 808 2532 (hdozmanazs-
828 2499 891 2532 (les
914 2500 999 2532 Rois
1019 2499 1064 2533 de
1084 2500 1238 2544 France,
1255 2505 1281 2532 t.
1305 2499 1407 2541 XIV,
1433 2511 1470 2546 p.
1494 2501 1527 2535 l.

274 2556 310 2592 ⁶2.
337 2555 440 2590 Cette
467 2554 771 2603 approximation
786 2584 794 2599 ,
823 2555 886 2604 qui
907 2564 961 2592 est
982 2555 1080 2601 juste
1109 2569 1207 2605 pour
1225 2569 1267 2592 ce
1286 2555 1352 2604 qui
1371 2568 1556 2592 concerne
1577 2555 1612 2594 la

220 2613 506 2664 gendarmerie,
539 2613 661 2649 aurait
690 2614 741 2650 du
770 2614 862 2650 faire
894 2614 1116 2664 apercevoir
1143 2616 1163 2650 ’ἐι
1194 2614 1355 2650 l’auteur
1377 2613 1467 2662 qu’il
1491 2613 1611 2650 s'etait

219 2672 368 2722 trompe
388 2685 432 2708 en
454 2671 602 2721 placant
619 2672 654 2709 la
677 2673 892 2710 conclusion
914 2673 960 2710 de
980 2674 1015 2710 la
1035 2676 1138 2711 trove
1158 2675 1177 2709 a
1196 2673 1270 2710 l'an
1291 2675 1405 2721 1443,
1426 2673 1611 2711 commeil

218 2745 238 2769 a
264 2732 325 2768 fait
345 2731 541 2778 odessus,
565 2746 600 2782 p.
626 2734 714 2770 160.
