2037 3442
406 360 481 396 218
792 356 1133 394 HISTORIARUM
1161 358 1341 395 CAROLI
1367 360 1436 396 VII

407 440 648 486 nonnullis
679 438 943 497 videretur,
984 454 1273 503 magnopere
1317 439 1559 499 dissuasit,
1597 459 1685 488 nec
1721 433 1809 506 pro

404 528 619 580 tempore
644 516 693 561 id
717 524 1045 579 opportunum
1069 516 1169 561 fore
1199 517 1419 563 ostendit.
1448 520 1588 578 Nam,
1617 519 1653 563 si
1670 519 1719 564 id
1742 520 1810 566 fa-

404 604 586 652 cerent,
618 610 728 639 cum
752 594 799 639 in
828 593 916 639 illis
945 593 1059 638 locis
1081 609 1210 639 arces
1234 595 1557 642 munitissimae
1576 607 1717 660 atque
1738 596 1814 642 fir·

403 672 622 717 missimae
637 671 876 728 exsistant,
894 687 997 733 quae
1021 680 1124 715 tum
1144 680 1279 717 erant
1296 671 1553 733 Anglorum
1572 673 1814 720 dumtaxat

403 748 648 794 custoditae
670 747 915 812 praesidiis,
943 757 1190 810 essentque
1214 747 1263 792 in
1288 748 1499 794 inferiori
1522 751 1814 798 Normannia

404 827 608 889 majores
634 825 891 887 Anglorum
928 825 1076 888 copiae
1112 823 1381 881 collocatae,
1417 825 1748 885 verisimiliter,
1776 830 1814 874 si

403 903 483 949 illo
502 903 771 962 tenderent,
797 902 979 948 etiamsi
996 902 1228 964 indigenae
1246 911 1379 947 terrae
1397 918 1477 949 eos
1492 902 1615 948 intra
1638 904 1815 967 oppida

404 980 559 1042 aliqua
586 981 875 1043 reciperent,
897 988 1054 1025 tamen
1080 994 1209 1025 arces
1228 978 1346 1037 illas,
1372 979 1462 1024 nisi
1485 995 1571 1042 per
1588 979 1752 1042 longas
1770 991 1816 1027 et

405 1056 618 1103 difficiles
645 1057 917 1103 obsidiones
933 1092 945 1114 ,
976 1056 1171 1102 minime
1195 1055 1488 1116 obtinerent3
1525 1057 1585 1103 ad
1610 1073 1726 1120 quas
1749 1067 1816 1104 te—

405 1133 603 1192 nendas,
624 1151 732 1180 cum
746 1133 997 1179 hostilibus
1014 1132 1228 1196 undique
1251 1133 1439 1197 oppidis
1459 1142 1504 1180 et
1523 1135 1686 1180 castris
1702 1151 1816 1181 con-

405 1211 521 1257 clusi
537 1221 711 1270 essent,
734 1227 925 1258 necesse
940 1220 1059 1257 esset
1073 1226 1154 1256 eos
1172 1211 1329 1256 statim
1348 1226 1549 1257 annonae
1562 1228 1815 1276 rerumque

404 1289 776 1335 necessariarum
794 1289 1043 1352 penuriam
1061 1288 1183 1352 pati,
1211 1297 1258 1334 et
1276 1289 1340 1334 ita
1363 1288 1521 1335 inedia
1543 1289 1816 1353 compulsos

406 1363 621 1410 hostibus
660 1364 857 1425 cedere,
902 1374 948 1410 et
985 1363 1237 1410 conatibus
1271 1366 1365 1411 suis
1406 1364 1652 1411 frustratos
1688 1374 1816 1411 retro

406 1440 564 1500 abire,
593 1441 781 1505 oppidis
806 1458 909 1504 quae
932 1457 1030 1487 sese
1053 1441 1291 1488 dedissent
1317 1442 1366 1487 in
1389 1441 1705 1505 perditionem
1734 1441 1816 1487 de-

405 1516 592 1563 relictis.
620 1518 903 1564 Consultum
926 1518 1066 1580 igitur
1091 1517 1191 1564 fore
1214 1518 1341 1564 idem
1358 1517 1569 1582 pontifex
1592 1503 1813 1577 ostendit,

406 1609 515 1638 cum
538 1610 565 1640 a
583 1603 733 1655 tergo,
767 1610 930 1640 versus
953 1593 1177 1640 Ebroicas
1204 1603 1249 1639 et
1274 1594 1492 1651 Parisios,
1517 1593 1689 1639 multas
1707 1594 1818 1639 civi-

408 1679 523 1716 tates
544 1681 685 1733 atque
712 1671 890 1734 oppida
908 1681 954 1716 et
977 1671 1164 1717 castella
1181 1671 1468 1716 dimisissent
1484 1706 1495 1728 ,
1523 1687 1626 1733 quae
1646 1670 1706 1715 ab
1724 1673 1818 1715 An—

407 1747 536 1809 glicis
578 1748 735 1793 adhuc
767 1747 1066 1808 tenebantur,
1099 1758 1145 1793 et
1175 1749 1417 1811 potissime
1445 1747 1612 1792 urbem
1640 1747 1817 1792 Rotho-

407 1842 678 1888 magensem
697 1862 708 1883 ,
755 1825 1074 1883 Meduntam¹,
1115 1826 1373 1871 Gisortium
1388 1828 1416 1884 ²,
1459 1827 1731 1871 Vernonem
1773 1834 1818 1870 et

408 1904 711 1965 Gornayurn,
744 1903 1193 1949 Novum-Castrum
1219 1911 1265 1948 et
1290 1901 1681 1958 Caletibeccum‘3
1719 1919 1818 1948 cas-

407 1990 534 2026 trum
549 1980 608 2025 de
627 1981 861 2044 Arcquis⁵,
888 1980 1181 2026 Haressutum
1199 2017 1209 2037 ,
1232 1996 1342 2025 curn
1366 1979 1466 2025 aliis
1482 1979 1698 2042 pluribus
1721 1996 1819 2026 cas-

408 2056 527 2102 tellis
546 2093 556 2113 ,
586 2056 646 2102 ad
671 2073 747 2102 eas
772 2073 858 2119 per
887 2056 1105 2102 ordinem
1129 2055 1463 2119 acquirendaS,
1490 2055 1765 2101 inchoando
1792 2072 1819 2103 a

410 2133 655 2193 Medunta,
691 2134 1031 2198 procederent,
1068 2143 1114 2179 et
1143 2150 1199 2179 ex
1223 2133 1448 2179 Medunta
1471 2133 1816 2195 Rothomagum

409 2227 588 2265 versus,
606 2221 702 2257 tam
717 2212 849 2273 juxta
863 2211 1070 2256 fluminis
1088 2212 1315 2273 Sequanae
1330 2210 1452 2273 ripas
1471 2225 1615 2272 quam
1631 2210 1679 2254 in
1699 2210 1819 2270 agris

408 2297 454 2332 et
477 2288 611 2333 terris
640 2287 876 2346 finitimis,
910 2288 1071 2333 omnia
1100 2287 1473 2350 complanarent.
1511 2285 1660 2332 Facile
1691 2287 1818 2332 enim

408 2382 493 2428 per
516 2366 692 2411 flumen
717 2382 773 2411 ex
796 2365 978 2410 Parisiis
1003 2375 1048 2411 et
1072 2364 1393 2428 superioribus
1416 2364 1552 2410 terris
1573 2380 1816 2409 annonam

410 2451 455 2486 et
473 2442 717 2488 machinas
739 2441 874 2502 belli,
902 2442 1126 2488 exercitui
1159 2441 1465 2501 necessarias,
1493 2440 1664 2487 advehi
1690 2440 1817 2485 face-

462 2603 500 2638 1.
531 2604 692 2640 Mantes.

463 2660 500 2695 2.
535 2659 680 2696 Gisors.

465 2720 501 2754 3.
533 2717 771 2754 Neufcliatel.

463 2777 502 2813 4.
534 2774 748 2813 Caudebec.

466 2836 502 2871 5.
531 2837 583 2872 Le
602 2832 761 2872 chateau
781 2833 980 2884 d’Arques.
