2142 3473
582 591 1066 665 PRAEFATlo

163 824 203 848 IN
232 823 357 848 LIBROS
386 823 635 848 HISTORIARUM
664 824 712 847 DE
738 823 848 847 REBUS
877 822 997 846 GESTIS
1025 821 1249 846 TEMPORIBUS
1277 821 1411 846 CAROLI
1439 822 1494 845 vu

451 907 495 930 ET
523 907 702 942 LUDOVICI
730 907 784 940 XI,
814 905 1037 931 FRANCORUM
1065 905 1208 930 REGUM.

203 1114 505 1172 Compertum
543 1112 649 1156 satis
683 1120 751 1156 est
788 1119 832 1155 et
866 1109 1199 1173 conspicuum,
1236 1124 1332 1154 non
1367 1123 1536 1172 parum

139 1186 345 1231 utilitatis
379 1202 460 1231 eos
494 1185 551 1231 ad
590 1186 839 1232 hominum
869 1186 1011 1232 vitam
1050 1202 1301 1248 moresque
1341 1201 1537 1248 compo-

138 1262 319 1307 nendos
342 1262 546 1308 attulisse
561 1300 571 1320 ,
592 1264 671 1324 qui
693 1279 765 1308 res
784 1272 954 1326 gestas,
984 1272 1029 1308 et
1047 1262 1304 1326 praesertim
1326 1262 1538 1308 virorum

139 1338 385 1384 illustrium
408 1339 547 1398 vitas,
575 1339 778 1385 veridica
815 1339 1083 1385 narratione
1119 1339 1281 1385 litteris
1313 1338 1539 1384 mandare

138 1424 184 1459 et
206 1414 265 1460 ad
290 1425 503 1478 posteros
526 1416 837 1462 transmittere
867 1425 1107 1462 curarunt.
1138 1418 1257 1461 Cum
1290 1416 1417 1461 enim
1441 1415 1540 1462 haec

138 1501 351 1555 posteros
379 1492 605 1553 legenteS,
626 1492 768 1538 veluti
791 1493 1034 1556 speculum
1060 1492 1303 1554 quoddam
1323 1509 1536 1552 morum,

139 1568 226 1614 sibi
251 1567 476 1614 adhibere
508 1569 668 1627 liccat,
696 1585 867 1630 magna
892 1585 947 1615 ex
974 1568 1068 1614 hoc
1092 1569 1338 1615 instructio
1362 1578 1408 1615 et
1429 1586 1541 1616 cau-

139 1645 226 1692 tela
260 1645 509 1709 praebetur,
535 1655 580 1690 et
614 1647 691 1690 ut¹
715 1645 864 1708 probe
896 1655 940 1691 et
969 1646 1175 1691 virtuose
1206 1655 1332 1709 gesta
1368 1645 1538 1707 digno-

139 1722 318 1778 verint,
352 1722 399 1766 in
440 1722 696 1785 semetipsis
735 1722 924 1781 sectari,
966 1738 1068 1784 quae
1101 1738 1213 1767 vero
1249 1722 1419 1784 injuste
1457 1738 1536 1768 seu

139 1798 380 1860 ignaviter,
417 1807 498 1844 aut
531 1798 729 1862 turpiter
753 1808 796 1843 et
828 1798 1018 1858 vitiose,
1045 1797 1295 1856 damnare,
1322 1797 1543 1844 detestari

139 1885 186 1921 et
208 1876 352 1921 vitare
374 1875 546 1922 dehere
580 1875 867 1933 doceantur3
897 1885 942 1921 et
970 1891 1053 1939 per
1077 1891 1178 1938 quae
1201 1891 1312 1922 suos
1335 1876 1541 1922 anterio-

140 1968 212 1998 res
235 1955 336 1998 Deo
361 1953 588 2016 placuisse
627 1962 672 1998 et
699 1951 758 1998 ad
798 1952 1062 1998 felicitatem
1096 1953 1386 2015 pervenisse,
1420 1953 1493 1999 vel
1517 1970 1543 1999 e

140 2028 325 2074 diverso
336 2030 384 2074 in
398 2029 672 2075 barathrum
684 2029 904 2074 vitiorum
917 2038 961 2075 et
972 2029 1263 2074 miseriarum
1272 2030 1540 2093 prolapsos,

139 2107 495 2169 conspexerint,
523 2122 577 2152 ea
598 2105 672 2151 vel
706 2106 948 2169 amplecti,
980 2106 1054 2151 vel
1085 2105 1258 2152 evitare
1288 2106 1545 2169 prudenter

140 2191 278 2244 atque
296 2183 527 2245 sapienter
545 2182 741 2246 possint.
764 2181 856 2227 Sed
875 2182 984 2245 quia
999 2182 1059 2228 ad
1076 2182 1184 2229 talia
1201 2181 1544 2228 conscribenda

140 2259 320 2322 plures,
347 2276 427 2322 spe
450 2268 652 2322 quaestus
684 2268 824 2321 atque
858 2258 1142 2304 conciliandi
1164 2259 1369 2322 imperiti
1392 2259 1542 2322 vulgi,

141 2336 211 2381 vel
232 2353 395 2398 regum
419 2345 499 2382 aut
522 2336 790 2399 principum
814 2335 1008 2391 favoris,
1036 2352 1116 2381 seu
1142 2335 1411 2381 assentandi
1443 2352 1546 2397 gra-

139 2414 226 2473 tia,
245 2414 400 2477 potius
419 2429 561 2476 quam
576 2413 674 2458 zelo
692 2412 929 2459 edicendae
948 2422 994 2458 et
1013 2413 1059 2458 in
1079 2412 1233 2458 lucem
1253 2413 1548 2476 proferendae

141 2491 366 2546 veritatis,
394 2506 492 2535 sese
515 2490 846 2549 contulerunt3
874 2499 919 2535 et
950 2489 1043 2534 suis
1067 2489 1350 2550 mendaciis,
1377 2491 1448 2535 ve]
1473 2507 1548 2536 res

139 2568 254 2614 nihil
280 2569 462 2614 virtutis
486 2577 532 2614 et
556 2567 707 2613 laudis
733 2567 958 2613 habentes
994 2567 1174 2629 magnis
1204 2568 1451 2631 praeconiis
1482 2568 1546 2614 ob

193 2754 231 2789 4.
264 2754 339 2789 Sic.
358 2750 535 2802 Corrigez
547 2758 587 2785 ut
604 2762 695 2799 (μαῖ’.

243 2831 257 2854 1
1343 2820 1356 2856 1
