2037 3442
431 285 505 320 320
810 284 1151 321 HISTORIARUM
1179 286 1358 323 CAROLI
1385 289 1453 324 Vn

429 365 533 409 tatis
567 364 748 408 ratione
776 364 994 411 subnixa.
1031 368 1146 422 Qum
1182 383 1261 412 rex
1304 367 1430 412 idem
1464 384 1548 430 per
1581 373 1835 421 nonnullos

426 440 642 503 praelatos
662 450 708 485 et
734 440 930 487 clericos
953 443 1084 505 regni
1109 443 1406 490 fidelissimos
1430 445 1707 508 intelligens,
1737 452 1837 511 qui-

424 515 514 561 bus
542 516 696 561 omnis
733 517 1007 580 temporalis
1044 518 1241 565 honoris
1273 519 1454 581 fastigio
1489 531 1631 585 atque
1666 523 1836 587 opibus

424 594 817 657 quantiscumque
859 595 1048 642 charior
1087 607 1229 661 atque
1264 598 1463 662 primior
1505 610 1604 646 erat
1638 601 1832 659 veritas,

421 670 540 717 fides
563 681 609 718 et
629 672 830 734 justitia,
859 673 1090 735 aliorum,
1128 676 1212 738 qui
1233 676 1481 740 cupiditati
1515 687 1656 741 atque
1692 677 1838 724 ambi-

420 752 539 798 tioni
581 752 923 813 inserviebant,
949 755 1116 818 spretis
1154 756 1494 819 opinionibus,
1529 757 1836 804 libentissime

420 832 521 895 ipsa
544 832 852 879 sacratissima
873 843 1014 897 atque
1042 834 1352 882 saluberrima
1375 836 1565 883 decreta
1592 836 1834 884 observari

419 925 608 972 semper
637 909 894 956 mandabat
917 921 962 957 et
988 911 1188 958 faciebat
1220 913 1448 976 quamdiu
1479 914 1672 960 viveret.
1714 915 1834 970 Quia

420 1001 534 1031 vero
549 985 716 1032 eadem
734 986 921 1034 decreta
937 1004 1036 1034 non
1054 999 1293 1048 recusant,
1313 990 1592 1036 vacantibus
1608 989 1828 1052 ecclesiis,

418 1081 503 1127 per
517 1081 648 1128 reges
662 1075 707 1111 et
719 1066 956 1130 principes
971 1066 1073 1113 fieri
1093 1066 1378 1114 electoribus
1395 1084 1557 1130 preces
1571 1084 1660 1132 pro
1677 1067 1832 1132 dignis

418 1151 464 1187 et
496 1141 678 1189 idoneis
708 1143 922 1207 personis
954 1143 1133 1207 absque
1163 1145 1257 1191 ulla
1282 1146 1620 1209 impressione,
1650 1146 1832 1209 quoties

418 1228 609 1281 rogatus
637 1218 697 1265 ab
732 1218 967 1283 aliquibus
997 1236 1084 1283 pro
1117 1220 1276 1284 aliquo
1312 1237 1394 1267 rex
1428 1222 1527 1285 ipse
1558 1221 1833 1268 rescriberet

419 1312 501 1341 seu
518 1305 727 1358 rogaret,
750 1296 814 1342 ita
831 1313 938 1342 suas
955 1296 1177 1360 epistolas
1194 1299 1450 1344 verborum
1470 1298 1831 1345 mansuetudine

419 1389 474 1419 ac
502 1374 830 1420 moderamine
860 1374 1185 1438 temperabat,
1215 1385 1265 1421 ut
1297 1392 1396 1421 non
1427 1374 1540 1421 alias
1566 1392 1703 1436 eum,
1741 1392 1827 1440 pro

418 1468 516 1514 quo
542 1450 777 1497 scribebat
796 1488 808 1512 ,
834 1451 954 1497 velle
983 1451 1089 1515 eligi
1128 1453 1440 1516 exprimeret,
1477 1453 1568 1499 nisi
1600 1462 1830 1516 quatenus

418 1531 644 1576 electores
665 1530 821 1594 ipsum
857 1529 1086 1576 idoneum
1119 1540 1260 1594 atque
1290 1531 1454 1578 utilem
1477 1530 1692 1577 Ecclesiae
1713 1531 1825 1590 Dei,

418 1606 682 1653 secundum
720 1606 1032 1652 conscientias
1065 1623 1196 1666 suas,
1234 1606 1446 1653 futurum
1471 1623 1570 1653 esse
1606 1623 1830 1669 agnosce-

418 1694 540 1730 rent.
566 1687 736 1746 Magna
765 1683 978 1747 profecto
1005 1683 1295 1742 moderatio,
1327 1694 1373 1730 et
1410 1684 1651 1746 majestate
1685 1683 1828 1747 digna

414 1762 654 1824 regnantis
679 1770 820 1824 atque
843 1760 976 1805 omni
1000 1758 1141 1805 laude
1164 1769 1210 1805 et
1230 1758 1519 1806 imitatione!

480 1842 601 1885 Cum
624 1855 754 1897 vero,
786 1836 945 1901 [circa]
972 1847 1160 1901 tempus
1186 1854 1284 1900 quo
1307 1837 1369 1883 ad
1391 1837 1567 1900 Anglos
1587 1837 1828 1902 expellen—

416 1916 503 1963 dos
523 1916 582 1962 de
606 1915 896 1962 Normannia
922 1930 1055 1960 arma
1078 1915 1177 1978 ipse
1199 1931 1280 1961 rex
1308 1925 1651 1978 assumpserat,
1685 1917 1827 1961 vecti-

414 1993 551 2057 galia,
581 2002 775 2057 propter
797 2008 1020 2054 magnam
1050 1991 1208 2038 adhuc
1228 1993 1361 2054 regni
1380 1992 1755 2039 devastationem
1782 2003 1827 2040 et

413 2081 758 2136 paupertatem,
783 2070 842 2116 ad
869 2079 1019 2116 tantas
1043 2070 1296 2133 impensas,
1323 2085 1440 2132 quas
1460 2069 1563 2115 talis
1589 2070 1826 2133 expeditio

412 2147 723 2213 exposcebat,
751 2148 946 2193 minime
972 2145 1185 2192 sufficere
1213 2162 1352 2210 posse
1384 2146 1728 2206 invenirentur,
1764 2147 1824 2193 ab

413 2243 510 2272 nno
533 2226 725 2291 praelato
751 2225 883 2287 regni
907 2233 1176 2287 suggestum
1198 2223 1287 2269 sibi
1308 2234 1422 2270 tunc
1442 2223 1582 2269 fuisse
1602 2225 1827 2286 cognovi-

412 2320 546 2362 mus,
572 2313 624 2349 ut
652 2301 1016 2349 subventionem
1040 2300 1100 2346 ab
1123 2299 1446 2347 ecclesiasticis
1470 2309 1516 2346 et
1540 2299 1667 2346 clero
1693 2301 1827 2363 regni

410 2383 483 2428 sui
506 2382 707 2443 exigeret
726 2416 736 2438 ,
763 2378 824 2424 ad
853 2378 1173 2442 supplendum
1196 2377 1328 2441 quod
1346 2415 1356 2435 ,
1383 2377 1443 2424 ad
1467 2387 1605 2424 tantae
1627 2378 1694 2424 rei
1716 2394 1822 2424 mo-

410 2458 504 2504 lem
539 2455 906 2523 perficiendam,
946 2455 1060 2501 fisco
1093 2454 1286 2519 publico
1323 2454 1561 2501 deficeret.
1599 2454 1691 2500 Sed
1726 2455 1825 2518 ipsc

410 2553 510 2595 rex,
539 2536 645 2599 pius
679 2544 724 2580 et
754 2532 1076 2579 ecclesiasticae
1098 2532 1326 2579 libertatis
1357 2541 1570 2591 amator,
1609 2531 1824 2595 apprime

408 2610 740 2674 hujuscemodi
773 2609 972 2657 verbum
1000 2626 1027 2656 a
1054 2608 1280 2673 pontifice
1313 2608 1628 2655 ecclesiastico
1666 2609 1824 2671 prola-

409 2699 512 2735 tum
540 2689 757 2752 repressit
779 2704 833 2734 ac
856 2686 1050 2748 refellit,
1079 2687 1241 2733 dicens
1269 2686 1358 2732 sibi
1393 2686 1473 2732 tali
1496 2685 1708 2732 subsidio
1735 2686 1821 2731 mi-

409 2767 536 2813 nime
581 2781 700 2828 opus
742 2781 867 2825 esse,
905 2780 1015 2811 cum
1059 2775 1172 2811 tunc
1206 2764 1410 2811 maxime
1446 2763 1608 2810 divino
1645 2763 1817 2809 auxilio
