2037 3442
458 305 532 338 252
830 306 1167 341 HISTORIARUM
1198 307 1374 342 CAROLI
1404 309 1468 342 VII

460 384 776 439 Normanniae,
811 400 912 445 quae
940 384 1026 429 suh
1055 384 1225 430 ducatu
1259 402 1343 430 suo
1369 386 1653 447 contigerat,
1682 390 1846 450 perdi-

459 458 633 501 tionem
657 493 667 512 ,
695 457 752 503 de
785 459 1064 521 proditionis
1097 461 1290 507 crimine
1321 461 1524 522 primurn
1552 461 1719 507 ducem
1749 465 1849 508 Suf-

459 532 618 590 folciae‚
641 534 772 595 cujus
798 552 938 598 opera
965 546 1135 598 treugae
1159 554 1265 582 cum
1289 538 1475 583 Francis
1499 539 1622 583 initae
1646 539 1844 595 fuerant,

459 608 657 667 graviter
680 609 999 669 insimulavit,
1027 611 1249 656 invidiam
1282 612 1408 675 apud
1446 613 1614 673 Angliae
1649 614 1849 676 populos

458 683 679 728 adversus
699 701 806 729 eum
831 686 1116 731 atrocissime
1136 687 1364 742 conflans,
1390 688 1517 749 quod
1544 688 1686 751 ipsius
1707 705 1848 751 opera

459 767 504 803 et
539 759 829 821 proditione,
875 761 961 806 sub
1000 772 1220 825 praetextu
1273 763 1501 809 dictarum
1549 774 1813 825 treugarum
1833 800 1844 820 ‚

459 836 794 880 Normanniam
818 837 1145 899 perdidissent.

523 914 641 955 Cum
668 922 823 958 autem
850 914 973 959 idem
998 915 1227 961 Suffolciae
1250 916 1343 961 dux
1370 916 1740 961 adversariorum
1763 915 1849 960 fac-

460 986 608 1032 tiones
631 988 976 1050 pertimesceret
1007 991 1163 1047 valde,
1193 1002 1237 1037 et
1268 992 1329 1036 ob
1354 993 1400 1036 id
1425 993 1655 1055 praecipue
1681 991 1846 1037 ducem

459 1062 751 1122 Gloceslriae,
785 1066 902 1127 regis
934 1076 1176 1129 patruum,
1204 1078 1256 1112 ut
1279 1084 1416 1131 supra
1446 1068 1709 1125 retulimus,
1745 1084 1849 1112 ene-

460 1148 631 1195 casset‚
661 1142 753 1185 suis
781 1142 1026 1188 conatibus
1057 1143 1360 1188 obsistentem
1393 1145 1765 1204 renitentemque
1792 1160 1849 1188 ne

463 1223 629 1276 treugae
657 1216 854 1278 praefatae
883 1218 1114 1264 inirentur
1135 1256 1145 1275 ,
1172 1220 1303 1264 saluti
1332 1235 1423 1264 suae
1449 1236 1543 1264 non
1571 1219 1681 1264 alias
1707 1236 1848 1281 quam

459 1310 542 1355 per
578 1294 730 1355 fugam
769 1297 1037 1342 consultum
1072 1298 1125 1342 iri
1157 1314 1294 1361 posse
1324 1307 1573 1361 reputans,
1619 1298 1848 1359 ingressus

459 1383 624 1413 navem
658 1387 766 1416 cum
798 1374 905 1418 satis
939 1373 1165 1435 opulento
1183 1413 1194 1433 ⁷
1222 1374 1351 1435 quod
1372 1390 1526 1418 secum
1553 1373 1668 1418 ferre
1691 1373 1846 1417 decre·

460 1454 603 1501 verat,
630 1447 839 1508 peculio,
868 1465 950 1510 per
976 1450 1119 1493 altum
1145 1449 1243 1494 vela
1268 1449 1388 1494 fecit.
1417 1449 1507 1493 Sed
1527 1465 1635 1494 cum
1658 1447 1847 1510 quidam

461 1521 674 1582 Anglicus
708 1525 882 1586 pirata,
913 1541 1079 1570 navem
1113 1525 1293 1570 habens
1323 1525 1676 1583 validissimam,
1713 1526 1851 1570 armis

459 1596 658 1659 virisque
692 1599 893 1661 piraticae
914 1601 1107 1646 assuetis
1130 1601 1501 1657 refertissimam,
1526 1601 1618 1645 hoc
1644 1601 1852 1662 agnovis-

458 1682 526 1716 set
546 1709 557 1730 ,
584 1674 699 1718 lucri
716 1675 906 1721 allectus
924 1687 969 1721 et
994 1686 1166 1722 tractus
1189 1677 1425 1739 cupidine,
1447 1676 1664 1721 eumdem
1683 1676 1849 1720 ducem

460 1749 640 1811 insequi
672 1762 981 1814 properanter
1006 1754 1199 1798 curavit.
1229 1756 1379 1808 Quem
1406 1770 1515 1798 cum
1545 1753 1591 1797 in
1626 1753 1740 1796 mari
1765 1753 1850 1796 nii-

460 1825 585 1870 nime
618 1827 849 1872 valentem
882 1829 1092 1874 resistere
1125 1829 1532 1891 apprehendisset,
1561 1840 1607 1874 ut
1635 1829 1849 1874 thesauro

460 1902 704 1963 potiretur,
732 1904 901 1961 eidem,
934 1906 1058 1950 velut
1083 1906 1360 1968 proditionis
1383 1923 1494 1964 reo,
1524 1915 1661 1968 caput
1685 1921 1848 1967 ampu-

460 1979 599 2035 tavit,
631 1990 675 2024 et
699 1981 762 2025 sic
785 1982 891 2026 navi
915 1991 1052 2042 atque
1080 1982 1297 2027 thesauro
1324 1983 1525 2027 maximo
1558 1982 1733 2044 potitus
1764 1991 1846 2026 est.

458 2054 613 2098 Talem
643 2055 799 2117 itaque
829 2056 1057 2102 Sufsolciae
1089 2057 1182 2102 dux
1217 2058 1261 2101 in
1295 2057 1388 2102 hoc
1419 2057 1586 2102 saeculo
1612 2056 1752 2101 finem
1780 2057 1850 2100 in—

463 2132 585 2177 venit
608 2134 634 2189 ¹,
663 2134 794 2194 cujus
827 2134 1018 2179 arbitrio
1037 2119 1095 2179 'et
1116 2152 1192 2179 rex
1220 2135 1390 2197 Angliae
1416 2145 1461 2180 et
1484 2144 1632 2179 totum
1655 2151 1850 2196 regnum

460 2207 600 2269 paulo
627 2219 762 2254 antea
787 2210 1084 2271 regebantur.

523 2283 612 2328 Sed
652 2294 698 2329 et
738 2285 882 2330 turbae
920 2286 1131 2331 maximae
1173 2286 1456 2350 populorum
1487 2286 1546 2331 de
1587 2286 1852 2331 Kancia²et

460 2358 631 2405 finibus
662 2360 750 2405 illis
775 2361 1001 2407 suscitatae
1038 2371 1172 2420 sunt,
1208 2362 1287 2424 qui
1323 2379 1471 2424 usque
1498 2362 1557 2407 ad
1581 2361 1850 2407 suburbana

514 2520 548 2553 1.
579 2520 630 2554 Le
652 2520 673 2554 2
700 2519 771 2555 mai
795 2521 908 2555 1450.
932 2519 961 2555 Il
983 2520 1061 2556 faut
1088 2528 1197 2556 noter
1221 2533 1295 2568 que
1320 2520 1373 2555 les
1405 2518 1605 2555 historiens
1636 2517 1777 2567 anglais
1805 2529 1851 2552 ne

459 2578 684 2613 confirment
706 2591 771 2627 pas
792 2578 825 2614 le
847 2578 929 2614 dire
951 2577 997 2614 de
1016 2578 1177 2614 Thomas
1197 2578 1307 2614 Basin
1328 2591 1393 2614 sur
1414 2578 1449 2613 la
1477 2577 1617 2626 qualite
1642 2576 1691 2612 du
1723 2588 1850 2611 meur-

460 2634 550 2670 trier
569 2634 614 2671 de
638 2636 796 2674 Susfolk.
818 2637 976 2674 Suivant
991 2639 1222 2686 Wyrcester,
1244 2637 1368 2673 c’e'tait
1387 2649 1438 2672 un
1455 2636 1639 2685 capitaine
1653 2634 1698 2671 de
1717 2634 1749 2670 la
1769 2647 1851 2670 ma-

460 2691 540 2728 rine
560 2692 610 2728 du
631 2694 702 2740 roi,
727 2695 994 2731 commandant
1019 2696 1053 2731 le
1081 2695 1251 2732 vaisseau
1270 2695 1417 2745 appelle
1442 2697 1593 2730 Nicolas
1612 2695 1658 2728 de
1679 2696 1715 2728 la
1741 2696 1847 2728 Tour.

513 2751 550 2788 Ξ.
584 2753 634 2786 Le
652 2753 772 2787 comte
789 2752 836 2788 de
856 2756 969 2789 Kent.
1418 2768 1421 2769 ⁷
