2037 3442
713 224 854 260 LIBER
883 224 1145 260 SECUNDUS.
1580 221 1627 255 79

236 309 353 353 rima
375 318 514 370 atque
528 308 635 370 ipsis
661 307 858 368 Anglicis
883 306 1155 352 intulerunt.
1181 308 1308 368 Saepc
1334 305 1459 350 enim
1484 319 1629 366 usque

236 384 296 429 ad
327 394 485 447 portas
520 385 677 447 pontis
704 384 982 445 Rotliomagi
1006 381 1361 445 adequitabant,
1387 392 1430 427 et
1450 382 1486 426 si
1512 396 1630 443 quos

237 460 409 520 Anglos
433 460 622 505 obviam
642 460 932 516 habuissent,
949 459 1020 504 vel
1043 458 1356 516 trucidabant,
1378 459 1451 503 vel
1470 467 1630 520 captos

237 534 553 581 abducebant.

300 612 404 655 Fuit
442 621 540 656 tum
577 611 852 671 Rothomagi
881 612 1108 656 chricus
1138 611 1348 672 juvenis,
1374 609 1630 671 Anglorum

235 702 331 744 rex,
359 687 481 731 illius
505 687 717 745 Henrici,
745 686 803 730 de
830 703 923 747 quo
961 703 1097 749 supra
1122 686 1266 730 multa
1292 685 1558 738 retulimus,
1587 694 1632 729 et

235 763 522 819 Catharinae,
562 763 734 809 sororis
771 762 923 807 Caroli
959 767 1245 808 Francorum
1295 761 1434 822 regis,
1477 760 1626 818 filius,

234 856 374 901 quem
399 840 485 885 sibi
510 843 793 885 Francorum
818 856 1011 901 regnum
1035 857 1087 884 ex
1112 839 1313 899 legitima
1337 837 1630 882 successione

234 926 516 962 asserentem
540 923 764 978 spectare,
794 932 934 978 seque
969 920 1254 961 Francorum
1279 914 1630 976 Anglorumque

233 1009 388 1054 regem
420 991 729 1038 attitulantem
751 1029 759 1048 ,
795 993 924 1055 Angli
949 1003 1074 1038 trans
1098 993 1264 1037 fretum
1289 991 1541 1037 adventare
1565 992 1629 1036 fe-

232 1079 410 1123 cerunt,
440 1078 488 1112 ut
512 1084 564 1112 ex
586 1067 682 1128 ejus
701 1070 939 1131 praesentia
960 1068 1098 1114 rebus
1123 1069 1215 1113 suis
1240 1068 1440 1113 multum
1465 1077 1630 1113 nutan-

233 1145 357 1190 tibus
386 1143 670 1206 dilapsisque
709 1145 753 1189 in
785 1145 992 1201 Francia,
1035 1144 1295 1190 remedium
1334 1144 1623 1190 afferretur¹.

232 1224 340 1265 Post
378 1220 507 1281 cujus
544 1220 821 1277 adventum,
861 1221 1069 1266 videntes
1110 1221 1286 1282 Anglici
1320 1221 1626 1267 parisiensem

231 1297 395 1342 urbem
432 1296 596 1341 vicinis
628 1298 991 1360 circumquaque
1026 1298 1211 1361 oppidis
1256 1314 1310 1343 ac
1359 1298 1628 1343 munitioni-

228 1373 332 1432 bus,
356 1389 457 1435 quae
480 1373 538 1418 ad
563 1376 762 1420 Francos
786 1374 1067 1433 defecerant,
1094 1374 1166 1419 vel
1192 1374 1333 1419 armis
1353 1384 1432 1419 aut
1450 1374 1627 1419 insidiis

227 1449 287 1495 ad
307 1466 386 1495 eos
409 1461 736 1512 pervenerant,
766 1451 964 1512 graviter
984 1451 1189 1514 opprimi
1212 1450 1342 1512 (nam
1366 1460 1411 1496 et
1434 1451 1628 1497 Latinia-

227 1542 333 1571 cum
348 1543 489 1589 supra
502 1529 793 1584 Mater11a1n²‚
809 1537 850 1573 et
867 1527 1391 1589 Sanctum-Dionysium
1409 1526 1625 1572 obtinue-

226 1611 351 1661 rant,
376 1619 484 1648 cum
516 1603 614 1648 aliis
646 1603 858 1666 plurimis
891 1604 1150 1662 fortaliciis3
1186 1613 1231 1648 et
1268 1603 1390 1648 fame
1423 1612 1468 1648 et
1497 1613 1625 1666 peste

225 1689 363 1743 atque
386 1681 523 1726 variis
547 1680 886 1726 calamitatibus
908 1680 1018 1726 urbs
1040 1681 1138 1743 ipsa
1164 1679 1486 1725 miserabiliter
1511 1696 1623 1725 con-

224 1755 467 1802 ficiebatur
495 1767 540 1802 et
572 1757 877 1819 vastabatur),
909 1757 1235 1802 obsidionibus
1263 1766 1307 1801 et
1347 1756 1487 1801 armis
1521 1756 1623 1819 plu-

223 1832 340 1878 rima
363 1850 507 1897 parva
533 1833 717 1879 castella
738 1843 1088 1897 recuperarunt.

683 2021 1017 2066 CAPITULUM
1050 2023 1145 2065 XV.

220 2128 407 2162 Obsidetur
417 2127 674 2173 Compendium
691 2129 732 2162 ab
746 2129 865 2174 Anglis
879 2138 910 2162 et
923 2128 1243 2175 Burgundionibus,
1259 2130 1319 2163 ubi
1335 2130 1472 2163 Joanna
1485 2131 1615 2172 Puella,

268 2187 311 2221 de
330 2187 463 2233 oppido
480 2188 614 2222 irruens
634 2188 669 2221 in
692 2188 805 2223 hostes
823 2216 830 2230 ‚
848 2189 891 2223 ab
912 2202 982 2223 uno
1000 2189 1250 2236 Burgundione
1266 2190 1402 2236 capitur
1419 2198 1449 2224 et
1466 2191 1617 2236 Anglicis

265 2247 426 2281 venditur
438 2248 464 2282 ³.

283 2334 442 2388 Quum
480 2341 634 2377 autem
667 2330 1010 2396 Compendium
1047 2350 1188 2397 supra
1223 2337 1397 2380 Isaram
1435 2333 1612 2381 flumen

217 2425 323 2454 cum
349 2409 759 2471 Burgundionibus
781 2409 867 2473 ipsi
891 2410 1066 2473 Auglici
1088 2412 1269 2473 jamdiu
1293 2412 1609 2467 obsedissent,

272 2520 307 2556 1.
329 2519 387 2554 On
413 2517 447 2554 le
468 2519 507 2555 fit
526 2517 736 2569 debarquer
755 2521 775 2556 ἐι
795 2519 913 2557 Calais
934 2520 968 2557 le
991 2522 1040 2557 23
1059 2520 1152 2556 avril
1171 2522 1287 2559 1430.

269 2580 306 2614 2.
337 2580 723 2629 Lagny-sur-Marne.

270 2638 306 2675 3.
337 2637 513 2687 Chapitre
545 2637 717 2689 imprime
748 2637 839 2675 dans
869 2638 1039 2675 l’edition
1072 2637 1137 2675 des
1156 2639 1289 2676 Procas
1311 2641 1414 2676 dela
1435 2642 1609 2687 Pucelle,

214 2704 243 2734 t.
266 2697 330 2742 IV,
351 2709 389 2746 p.
416 2699 504 2733 351.
