2037 3442
457 318 530 352 178
834 313 1172 349 HISTORIARUM
1203 314 1382 348 CAROLI
1411 315 1480 349 VII

454 413 551 442 non
579 394 772 457 quidem
803 394 864 439 ad
892 394 1123 456 supplicia
1150 393 1378 454 legitime,
1412 395 1673 440 secundum
1702 397 1858 458 legum

455 472 688 529 instituta,
715 469 989 528 subeunda,
1017 469 1099 514 sed
1129 485 1216 532 pro
1243 470 1344 514 solo
1383 477 1524 528 nutu,
1554 472 1683 517 velut
1717 488 1859 535 pecus

455 547 731 605 occisionis,
769 563 857 609 pro
889 546 1252 592 insolentissima
1282 547 1554 609 iniquorum
1586 548 1827 595 voluntate
1846 586 1857 608 ,

456 623 816 681 trucidandum,
845 626 917 668 vel
949 623 1128 686 patria,
1156 623 1323 682 bonis,
1360 632 1482 669 statu
1516 635 1654 688 atque
1677 626 1861 673 honore

454 700 741 764 privandum
764 710 809 745 et
827 699 1130 762 spoliandum
1149 699 1167 743 Ξ)
1195 703 1364 745 Amant
1389 701 1515 746 enim
1540 718 1704 748 omnes
1727 713 1861 750 natu-

455 779 611 824 raliter
636 778 928 835 libertatern,
957 777 1212 839 innataque
1242 787 1312 822 est
1337 778 1509 823 nostris
1534 780 1699 824 animis
1723 796 1863 842 appe-

457 855 558 900 titio
583 854 682 916 ejus
704 874 714 900 :
742 855 806 899 ita
830 864 896 912 ut,
927 854 1154 898 Cicerone
1174 863 1303 912 teste,
1333 873 1357 897 «
1383 855 1562 900 nemini
1581 871 1746 917 parere
1767 857 1864 901 ani-

457 947 562 976 mus
588 931 708 976 bene
738 931 1016 976 informatus
1046 946 1073 975 a
1102 939 1271 975 natura
1296 931 1434 987 velit,
1466 932 1555 976 nisi
1578 931 1863 994 praecipienti

455 1016 535 1052 aut
557 1007 764 1063 docenti,
792 1017 872 1052 aut
894 1006 1102 1052 utilitatis
1121 1021 1260 1051 causa
1275 1006 1400 1068 juste
1425 1016 1470 1051 et
1489 1006 1696 1068 legitime
1716 1008 1866 1071 impe-

456 1084 594 1128 ranti.
626 1105 648 1125 2>
676 1084 882 1129 Nimium
906 1084 1080 1147 quippe
1107 1083 1315 1128 tumidus
1338 1093 1405 1128 est
1429 1099 1483 1128 ac
1507 1083 1762 1146 superbus,
1786 1086 1864 1146 qui

451 1160 574 1221 juste
598 1175 652 1205 ac
675 1160 881 1221 legitime
904 1159 1113 1205 utilitatis
1137 1175 1277 1206 causa
1302 1160 1555 1223 imperanti
1587 1160 1753 1222 subjici
1787 1177 1866 1206 re·-

457 1247 602 1295 cusat,
621 1255 730 1283 cum
751 1238 845 1295 tali,
869 1248 915 1284 et
936 1237 1106 1283 divinis
1130 1247 1175 1283 et
1197 1237 1417 1283 humanis
1438 1237 1634 1300 legibus,
1656 1255 1710 1284 ac
1731 1248 1867 1284 rectae

458 1314 700 1359 dictamini
731 1315 927 1360 rationis
956 1313 1188 1376 subjectio
1212 1324 1258 1359 et
1285 1313 1559 1360 obedientia
1583 1313 1862 1360 debeantur.

458 1393 515 1435 Et
536 1406 668 1448 vero,
693 1391 770 1436 cui
794 1407 892 1436 non
916 1390 1116 1453 publicae
1139 1391 1351 1436 utilitatis
1371 1407 1527 1448 causa,
1555 1390 1637 1435 sed
1663 1390 1723 1435 ad
1746 1390 1869 1436 solas

458 1467 712 1531 explendas
757 1467 978 1513 libidines
1008 1468 1440 1529 exsaturandasque
1480 1467 1790 1512 ambitionem
1824 1476 1870 1512 et

457 1546 719 1605 avaritiam,
736 1561 902 1591 omnes
922 1546 970 1590 in
986 1546 1259 1591 servitutem
1273 1545 1504 1608 redigere,
1518 1546 1563 1591 vi
1581 1555 1720 1608 atque
1739 1555 1869 1591 metu

459 1623 687 1668 serviliter
719 1622 1012 1686 opprimere,
1044 1622 1330 1668 substantias
1368 1638 1559 1686 rapere,
1603 1623 1752 1685 patria
1789 1638 1868 1666 ex-

460 1708 609 1744 sortes
648 1699 821 1756 sacere,
855 1715 942 1760 pro
973 1698 1076 1744 solo
1109 1708 1262 1756 metu7
1299 1698 1478 1760 absque
1509 1699 1666 1758 legum
1702 1697 1868 1743 ordine

461 1776 620 1837 gestit,
644 1791 786 1821 nemo
810 1774 1030 1819 lubenter
1052 1790 1106 1819 ac
1132 1774 1419 1835 gratulanter
1442 1773 1653 1837 parebit,
1679 1773 1768 1818 nisi
1788 1775 1868 1836 qui

462 1851 871 1914 insipientissimus
895 1860 964 1896 est
983 1859 1029 1895 et
1053 1860 1149 1896 tam
1174 1851 1381 1914 depressi
1405 1850 1677 1912 servilisque
1701 1850 1865 1907 animi,

464 1937 516 1973 ut
538 1927 653 1972 nihil
687 1943 714 1972 a
743 1927 968 1972 vilissimo
995 1926 1135 1972 distet
1165 1928 1422 1990 mancipio.
1458 1927 1679 1972 Praeclare
1711 1928 1869 1989 itaque

464 2004 628 2049 Cicero
652 2004 804 2066 inquit
837 2004 947 2065 quia
977 2024 997 2045 c<
1025 2003 1176 2049 malus
1200 2014 1269 2049 est
1288 2024 1310 2045 »
1343 2005 1392 2048 in
1426 2004 1635 2066 imperiis
1664 2022 1687 2045 «
1713 2013 1870 2049 custos

465 2082 782 2126 diuturnitatis
820 2091 973 2126 metus
993 2117 1004 2139 ,
1043 2090 1308 2143 contraque
1348 2079 1682 2126 benevolentia
1719 2080 1869 2126 fidelis

467 2156 579 2220 [vel]
595 2157 655 2202 ad
676 2158 1035 2221 perpetuitatem
1056 2176 1104 2215 »3
1124 2174 1243 2220 quae,
1262 2158 1428 2221 procul
1446 2157 1612 2215 dubio,
1631 2156 1759 2202 nulla
1780 2174 1868 2203 no-

464 2234 537 2280 bis
561 2234 622 2280 ad
647 2251 727 2280 eos
752 2250 852 2280 esse
876 2244 1058 2297 potest,
1082 2235 1164 2295 qui
1187 2250 1275 2279 nos
1300 2234 1345 2279 vi
1363 2271 1374 2293 ,
1401 2244 1531 2279 metu
1555 2244 1601 2279 et
1621 2233 1868 2280 calumniis

465 2311 814 2374 opprimentes,
839 2328 1031 2357 omnem
1056 2311 1197 2357 nobis
1219 2311 1435 2357 adimunt
1457 2311 1744 2372 libertatem,
1768 2329 1870 2376 quae

465 2389 604 2434 nobis
626 2406 725 2435 non
751 2389 907 2435 minus
932 2389 1092 2447 chara,
1118 2389 1156 2434 si
1180 2390 1269 2434 viri
1298 2389 1442 2448 boni,
1470 2390 1507 2435 si
1533 2391 1765 2452 sapientes
1791 2407 1866 2436 su-

464 2483 587 2524 mus,
614 2482 758 2529 quam
782 2466 883 2529 ipsa
905 2466 999 2511 vita
1024 2465 1166 2512 debet
1189 2466 1423 2512 exsistere.
1448 2467 1545 2511 Etsi
1568 2467 1694 2512 enim
1711 2466 1868 2512 divina

467 2542 605 2588 nobis
629 2543 830 2606 imperet
859 2543 1112 2588 auctoritas
1146 2552 1195 2587 ut
1218 2542 1535 2606 principibus,
1563 2559 1661 2587 non
1685 2552 1867 2588 tantum

467 2616 602 2662 bonis
628 2636 679 2663 ac
706 2619 961 2679 modestiS,
991 2619 1074 2664 sed
1100 2619 1242 2665 etiam
1273 2619 1478 2682 dyscolis
1513 2619 1686 2665 subditi
1724 2621 1867 2665 simus

466 2709 547 2737 seu
572 2692 785 2753 subjecti,
816 2712 915 2740 non
939 2704 1097 2741 tamen
1124 2705 1174 2741 ut
1197 2696 1334 2753 servi,
1355 2712 1464 2740 cum
1484 2695 1733 2758 Apostolus
1749 2710 1866 2758 prae-

468 2767 607 2830 cipiat
631 2785 639 2812 :
671 2787 691 2810 κ
722 2768 875 2813 Nolite
901 2769 1022 2815 effici
1043 2771 1166 2816 servi
1183 2770 1458 2829 hominum,
1481 2790 1503 2814 n
1529 2780 1575 2815 et
1594 2771 1729 2828 item,
1756 2785 1864 2815 cum
