2037 3442
763 340 905 375 LIBER
934 339 1159 384 QUINTUS.
1585 336 1660 370 263

263 420 489 480 jactanter
511 420 710 483 plurima
737 421 981 465 vanissime
1014 420 1334 476 enuntiarent,
1361 416 1475 461 nihil
1505 426 1658 462 tamen

266 496 362 540 ausi
385 497 556 541 suntin
582 497 916 541 Nox-manniam
942 505 1183 540 attentare.

333 571 600 617 Adventans
624 573 777 634 itaque
806 588 884 616 rex
909 587 1018 615 cum
1048 570 1251 614 exercitu
1279 568 1335 613 ad
1366 578 1508 613 terras
1538 567 1660 625 illas,

268 645 406 690 simul
431 656 476 691 et
501 663 610 691 cum
633 647 790 692 multis
815 645 1042 690 machinis
1070 654 1115 689 et
1136 652 1361 706 apparatu
1384 642 1516 700 belli,
1543 658 1663 686 non-

269 720 417 766 nullas
441 722 647 767 civitates
679 731 723 767 et
755 720 965 776 castella,
994 735 1095 780 quae
1123 719 1277 764 minus
1302 717 1453 762 valide
1485 717 1665 761 munita

267 807 424 851 erant,
469 796 645 858 absque
695 812 865 858 magno
912 794 1100 855 negotio
1142 792 1333 854 recepit.
1377 790 1518 846 Quod
1557 807 1665 835 cum

269 871 471 929 fecisset,
501 872 728 935 oppidum
753 870 992 934 quoddam
1027 868 1339 925 Castellionis‚
1366 866 1506 928 vulgo
1545 868 1664 910 Cas-

269 947 429 992 [illam
456 957 805 1010 nuncupatum,
843 955 1064 1007 tanquam
1095 943 1183 989 sibi
1215 943 1275 988 ad
1308 942 1528 988 ulteriora
1561 958 1666 1004 per-

269 1021 466 1068 ficienda
499 1024 832 1079 necessarium,
859 1021 1064 1067 obsideri
1096 1020 1227 1077 fecit,
1254 1029 1299 1064 et
1324 1028 1487 1064 contra
1511 1019 1665 1081 ipsum

268 1109 417 1144 castra
446 1099 626 1143 metari.
660 1101 775 1142 Cum
808 1107 962 1143 autem
991 1105 1110 1141 esset
1132 1096 1178 1140 in
1211 1094 1468 1155 Burdegala
1499 1093 1666 1157 praedi-

269 1184 369 1219 ctus
405 1175 625 1219 dominus
661 1174 719 1218 <le
749 1173 935 1218 Trileboc
955 1189 1062 1217 cum
1093 1172 1254 1217 multis
1277 1170 1474 1232 Anglicis
1505 1179 1550 1215 et
1582 1185 1667 1214 no-

268 1249 437 1295 bilibus
481 1266 534 1296 ac
578 1250 764 1313 populis
793 1249 1058 1306 Vaseoniae,
1104 1258 1199 1294 tam
1243 1246 1480 1310 equitibus
1525 1262 1665 1308 quam

267 1325 527 1388 peditibus,
571 1342 711 1388 quem
756 1342 914 1372 secum
952 1341 1315 1386 congressurum
1360 1324 1459 1369 fore
1506 1323 1668 1368 Franci

266 1403 373 1447 satis
391 1402 698 1447 verisimiliter
714 1402 1085 1465 suspicabantur,
1108 1411 1152 1447 et
1173 1401 1301 1463 quod
1322 1411 1527 1446 castrum
1551 1398 1666 1444 illud

266 1477 556 1524 Castellionis
581 1478 841 1537 obsessum,
870 1488 919 1523 ut
939 1479 1154 1542 praesumi
1182 1487 1378 1541 poterat,
1409 1477 1543 1540 perdi
1571 1491 1665 1521 non

266 1554 437 1599 sineret
474 1554 793 1612 indefensum,
831 1565 981 1600 castra
1017 1571 1099 1600 sua
1130 1554 1453 1618 potentissime
1488 1553 1669 1597 munie-

264 1640 390 1675 runt.
433 1634 570 1676 Fossa
605 1631 730 1676 enim
770 1632 857 1676 alta
895 1641 937 1677 et
974 1648 1139 1694 aggere
1174 1631 1336 1677 eadem
1373 1631 1665 1687 munientes,

267 1698 405 1751 etiam
440 1723 719 1768 magnarum
749 1707 922 1753 robore
956 1707 1179 1753 arborum
1218 1724 1301 1770 per
1335 1706 1584 1752 circuitum
1615 1720 1670 1750 ea

265 1784 535 1842 cinxerunt,
573 1783 801 1829 machinis
830 1784 964 1844 belli,
1001 1801 1116 1847 quas
1149 1784 1440 1847 serpentinas
1470 1792 1515 1829 et
1545 1782 1671 1828 colu-

266 1858 422 1904 brinas
451 1859 710 1922 appellant,
749 1860 1076 1906 densissimum
1110 1878 1192 1924 per
1222 1870 1373 1906 totum
1407 1869 1667 1906 castrorum

266 1933 495 1979 ambitum
521 1945 830 1997 apponentes.

335 2013 440 2056 Erat
469 2019 578 2056 tunc
607 2012 652 2056 in
690 2013 946 2058 ministerio
975 2014 1094 2074 regis
1128 2016 1440 2071 Francorum,
1473 2029 1667 2075 genera-

264 2087 368 2131 liter
387 2102 529 2149 super
546 2103 710 2133 omnes
737 2090 976 2134 machinas
999 2099 1043 2135 et
1066 2090 1258 2135 bellicos
1278 2099 1529 2153 apparatus
1550 2106 1669 2152 prae-

266 2163 469 2225 positus,
497 2164 713 2223 magister
740 2165 978 2211 Johannes
1003 2170 1216 2217 Bureaa,
1243 2167 1357 2211 civis
1379 2165 1664 2228 parisiensis,

266 2240 335 2283 vir
375 2238 566 2301 quidam
610 2240 819 2303 plebeius
848 2244 860 2264 ²
904 2252 948 2286 et
992 2251 1166 2288 statura
1208 2243 1422 2304 corporis
1466 2257 1663 2304 parvus,

264 2331 429 2359 verum
468 2314 615 2360 audax
651 2325 695 2361 et
727 2317 886 2361 auimo
914 2333 1136 2379 magnus,
1167 2320 1248 2380 qui
1281 2318 1326 2362 in
1354 2334 1438 2362 usu
1466 2327 1512 2363 et
1537 2334 1667 2362 exer-

317 2479 353 2514 1.
386 2477 834 2527 Castillon-de-Perigord
851 2507 860 2523 ,
890 2478 1132 2524 aujourd’hui
1159 2480 1252 2516 dans
1277 2479 1313 2516 le
1335 2479 1598 2529 departement
1619 2478 1666 2516 de

262 2536 296 2572 la
318 2536 505 2582 Gironde,
527 2535 849 2573 arrondissement
868 2536 914 2574 de
934 2536 1139 2576 Libourne.

315 2597 351 2631 2.
383 2595 514 2631 C’etait
541 2594 726 2644 l'opinion
758 2595 804 2632 de
835 2603 914 2632 tout
940 2596 975 2632 le
1002 2597 1140 2633 monde
1167 2596 1213 2634 de
1242 2610 1309 2633 son
1334 2604 1468 2646 temps.
1495 2596 1608 2633 Aussi
1631 2595 1666 2632 la

261 2653 570 2690 reconnaissance
594 2653 640 2689 de
666 2653 841 2690 noblesse
866 2653 959 2703 qu'il
982 2655 1106 2691 aurait
1131 2655 1195 2692 fait
1215 2655 1307 2692 faire
1330 2667 1399 2705 par
1420 2655 1575 2692 Charles
1596 2657 1667 2692 VII

260 2725 305 2748 en
330 2714 446 2759 1447,
469 2720 504 2748 et
521 2712 613 2748 dont
630 2713 824 2762 Godefroy
840 2726 860 2749 a
883 2713 1007 2750 donne
1028 2714 1062 2750 le
1081 2716 1206 2760 texte(
1222 2717 1319 2750 Hise.
1339 2716 1386 2749 cle
1402 2715 1553 2751 Charles
1574 2716 1665 2759 VII,

260 2784 297 2820 p.
323 2772 429 2817 876),
450 2771 597 2808 est-elle
617 2771 687 2807 sort
706 2780 891 2821 suspecte.
