2142 3473
764 360 908 395 LIBER
937 359 1134 397 PRIMUS.
1599 358 1648 393 23

248 445 294 488 in
321 460 378 489 eo
398 442 563 507 proelio
590 441 686 487 dux
710 440 953 487 Alenconii
967 478 977 500 7
1006 457 1164 486 comes
1183 440 1444 499 d’Albret¹,
1471 449 1516 486 et
1534 439 1648 485 alio-

248 537 353 564 rum
388 520 617 565 comitum
638 554 649 576 ,
691 517 951 575 baronum,
993 517 1194 562 militum
1233 527 1374 580 atque
1419 515 1652 562 nobilium

248 612 418 658 magna
440 595 710 641 multitudo.
746 596 898 640 Caesus
929 603 998 640 est
1027 603 1072 639 et
1107 594 1202 639 dux
1227 593 1484 640 Brabantiae
1513 596 1652 638 Anto·

247 673 375 717 nius2
396 689 506 718 cum
528 688 610 718 sua
631 680 784 733 gente,
808 670 889 733 qui
912 670 1244 733 superveniens
1264 686 1373 714 cum
1397 670 1506 724 suis,
1533 686 1652 732 proe-

246 749 309 794 lio
337 749 435 811 jam
463 766 594 812 paene
622 747 866 806 confecto,
895 747 1192 793 occasionem
1221 745 1352 791 dedit
1387 754 1437 790 ut
1472 744 1649 807 Anglici

246 826 403 888 plures
436 842 491 871 ex
525 826 618 884 his,
665 841 784 888 quos
815 832 1037 887 ceperant
1080 822 1313 886 captivos,
1344 821 1646 884 perimerent.

247 904 379 968 Capti
404 913 509 949 sunt
532 902 597 948 ibi
624 902 719 948 dux
745 900 1146 947 Aurelianensium
1165 935 1176 957 ‚
1203 898 1326 943 filius
1360 898 1482 943 illius
1506 914 1648 960 quem

250 980 433 1024 Parisiis
471 988 770 1042 peremptum
804 976 942 1022 fuisse
978 991 1122 1038 supra
1159 973 1424 1031 retulimus,
1464 982 1509 1018 et
1553 973 1649 1019 dux

249 1056 470 1101 ssorbonii
488 1093 498 1111 ,
527 1055 739 1113 Carolus,
764 1070 923 1100 comes
946 1053 1005 1098 de
1031 1052 1177 1114 Augio
1196 1053 1237 1109 ³,
1264 1060 1310 1096 et
1344 1051 1649 1113 quamplures

247 1137 464 1192 comites,
491 1136 693 1181 barones
717 1144 762 1180 et
785 1133 991 1191 nobiles,
1017 1133 1099 1195 qui
1121 1132 1180 1177 ad
1205 1131 1436 1195 oppidum
1456 1131 1645 1189 Calesii⁷

246 1212 356 1257 inde
378 1228 490 1258 vero
514 1222 640 1258 trans
666 1212 855 1270 fretum,
883 1227 965 1274 per
988 1210 1142 1273 ipsum
1166 1225 1323 1271 regem
1347 1209 1577 1255 victorem
1601 1209 1647 1255 in

249 1290 456 1351 Angliam
479 1289 670 1335 adducti
693 1299 813 1334 sunt.

308 1367 415 1411 Dies
448 1366 523 1411 ille
549 1367 778 1412 infaustus
803 1364 937 1411 valde
970 1363 1203 1410 nobilitati
1241 1374 1287 1409 et
1323 1380 1470 1426 regno
1503 1366 1645 1410 Fran-

243 1459 410 1488 corum
448 1442 554 1501 fuit,
584 1460 692 1488 cum
720 1453 820 1488 tum
853 1458 1024 1505 magna
1055 1442 1212 1505 portio
1247 1457 1437 1499 eorum,
1470 1442 1551 1504 qui
1587 1441 1646 1487 ab

243 1520 458 1565 hostibus
494 1537 689 1581 regnum
725 1521 881 1583 ipsum
911 1520 1051 1565 tutari
1074 1528 1343 1583 potuerant,
1372 1518 1641 1577 cecidisset3

243 1613 345 1658 quae
366 1613 438 1641 res
464 1613 609 1658 regno
630 1597 776 1641 ruinae
800 1613 979 1658 magnae
1005 1605 1050 1642 et
1071 1596 1196 1642 exitii
1219 1611 1357 1641 causa
1381 1595 1465 1640 fuit
1483 1632 1493 1652 ,
1521 1605 1573 1641 ut
1598 1596 1644 1641 in

243 1673 547 1736 sequentibus
570 1674 704 1719 latius
724 1674 1044 1719 ostendemus.
1074 1674 1175 1718 Fuit
1197 1664 1352 1718 autem
1375 1672 1469 1718 hoc
1489 1672 1645 1718 infelix

243 1751 461 1814 proelium
480 1752 786 1796 commissum
805 1767 953 1814 prope
977 1749 1209 1814 oppidum
1234 1749 1292 1795 de
1315 1748 1549 1795 Hesclinclz
1564 1787 1575 1809 ⁷
1596 1751 1643 1795 in

241 1829 361 1889 agris
391 1828 594 1873 duarum
618 1827 857 1886 villarum,
886 1844 1086 1890 quarum
1110 1843 1204 1873 una
1228 1828 1477 1890 Agz'ncorz‘,
1501 1826 1645 1874 altera

242 1904 586 1949 Rousseazwille
608 1904 871 1968 appellatur
886 1907 914 1960 ⁴,
950 1920 1076 1950 anno
1098 1904 1290 1949 Domini
1312 1920 1366 1949 Μ.
1388 1921 1512 1950 0000.
1532 1921 1609 1948 xv.
1628 1942 1640 1964 ⁷

240 1972 316 2026 die
333 1991 605 2027 sanctorum
619 1991 880 2043 martyrum
897 1982 1095 2045 Crispini
1115 1991 1160 2027 et
1177 1981 1497 2045 Crispinia11i⁵‚
1515 1997 1642 2027 anno

239 2058 430 2103 evoluto
466 2075 521 2103 ex
553 2075 648 2121 quo
679 2076 706 2105 a
732 2059 919 2104 Francis
943 2058 1264 2104 miserabiliter
1289 2057 1473 2121 direpta
1493 2058 1644 2104 fuerat

239 2138 402 2183 civitas
433 2139 765 2196 Suessionum,
806 2144 960 2201 prout'
981 2154 1123 2201 supra
1160 2138 1392 2199 diximus,
1426 2147 1493 2194 et,
1521 2139 1642 2186 inter

239 2215 381 2278 impie
401 2215 493 2260 illic
508 2225 630 2275 acta,
653 2215 903 2279 spoliatum
920 2215 1184 2262 venerabile
1206 2215 1321 2262 illud
1342 2214 1613 2262 coenobium
1627 2254 1637 2274 ‚

237 2291 324 2338 sub
344 2292 623 2339 eorumdem
642 2293 891 2339 beatorum
910 2302 1166 2355 martyrum
1188 2293 1323 2340 titulo
1342 2292 1638 2352 dedicatum3

292 2433 305 2466 1
321 2459 327 2466 .
359 2433 380 2467 J
384 2442 468 2478 ean,
492 2429 565 2467 duc
584 2430 807 2480 d'Alencon,
824 2424 955 2481 princ'e
974 2430 1026 2468 du
1040 2442 1153 2482 sangg
1170 2430 1324 2469 Charles
1339 2430 1525 2480 d'Albret‚
1548 2445 1642 2470 con-

235 2487 399 2525 netable.

289 2549 326 2586 02.
359 2547 522 2586 Antoine
550 2547 598 2585 de
622 2551 866 2600 Bourgogne,
893 2549 966 2587 duc
997 2549 1044 2587 de
1073 2549 1253 2598 Brabant,
1283 2550 1383 2589 frere
1418 2550 1470 2588 du
1493 2550 1567 2589 duc
1595 2552 1642 2590 de

235 2608 476 2657 Bourgogne.

294 2667 330 2702 3.
364 2667 474 2709 Jean‚
494 2664 568 2701 duc
588 2664 634 2702 de
656 2666 850 2715 Bourbon,
871 2676 908 2704 et
924 2667 1080 2705 Charles
1097 2667 1277 2715 d'Artois,
1298 2676 1420 2705 comte
1440 2668 1550 2706 d’Eu.

291 2726 329 2759 4.
362 2723 620 2770 Aujourd’hui
645 2724 737 2762 dans
775 2725 1125 2764 l’arrondissement
1157 2726 1204 2764 de
1236 2727 1428 2766 Saint-Pol
1462 2729 1643 2775 (Pas-de-

234 2782 383 2829 Calais).

290 2844 328 2879 5.
360 2843 409 2879 25
429 2841 595 2881 octobre.
