2037 3442
752 342 893 377 mimz
923 341 1148 387 omarus,
1574 343 1649 379 29:21

256 420 487 465 variarum
517 421 654 466 etiam
681 423 888 482 gentium
923 431 968 467 ct
1005 422 1269 484 linguarum
1307 439 1411 486 quie
1440 424 1647 485 ejusdem

253 498 372 557 regis
416 497 641 559 parebant
680 499 895 560 imperio.
934 501 1176 545 Venerunt
1213 511 1368 546 autem
1404 503 1647 561 'l'uronis¹,

253 572 333 617 ubi
361 582 472 617 tunc
498 577 781 618 Francorum
807 574 927 633 regis
946 610 956 630 ,
983 584 1026 618 et
1054 575 1101 618 in
1126 576 1409 636 quibusdam
1434 578 1651 638 adjacen-

251 650 375 695 tibus
424 651 646 709 castellis,
692 651 910 712 frequens
953 650 1115 712 agebat
1152 653 1404 697 comitatus
1428 672 1438 709 3
1484 670 1508 698 a
1555 672 1651 716 quo

251 726 519 787 magnifice,
550 738 599 772 ut
618 744 700 790 par
723 737 837 786 erat,
867 728 1095 789 suscepti,
1120 744 1192 772 res
1216 745 1303 791 pro
1325 728 1495 790 quibus
1521 742 1655 776 erant

250 803 495 858 destinati,
529 813 620 848 tam
649 818 787 865 super
806 802 1110 847 matrimonio
1140 819 1283 863 quam
1309 820 1449 865 super
1477 805 1652 851 foedere

250 889 295 923 et
318 878 506 940 ligantia
530 880 650 923 inter
675 877 841 924 ambos
866 896 1026 941 reges,
1060 895 1147 941 pro
1168 889 1282 924 voto
1305 896 1389 925 suo
1422 880 1650 943 adimple-

252 967 374 1002 runt.
403 960 516 1012 Quae
539 956 749 1019 profecto
773 967 937 1002 contra
961 974 1008 1002 se
1032 957 1105 1019 agi
1142 957 1533 1019 Burgundionum
1557 959 1651 1004 dux

250 1034 443 1079 minime
467 1032 728 1096 ignorabat.

313 1111 404 1156 Sed
442 1128 548 1156 ecce
583 1120 775 1174 repente
812 1111 1113 1157 Providentia
1147 1111 1250 1169 illa,
1294 1128 1427 1173 quae,
1467 1129 1521 1157 ex
1560 1113 1652 1158 alto

248 1198 416 1232 cuncta
441 1198 765 1251 prospectans,
793 1190 951 1233 omnia
973 1189 1111 1251 regit,
1141 1190 1301 1235 omnia
1323 1190 1594 1235 moderatur
1609 1202 1652 1236 et

249 1264 506 1324 gubernat,
546 1281 707 1326 regum
743 1265 936 1309 consilia
971 1265 1019 1309 in
1053 1265 1236 1310 irritum
1262 1275 1306 1311 et
1339 1266 1539 1311 nihilum
1575 1268 1653 1312 de-

249 1339 398 1384 duxit.
427 1342 545 1385 Cum
568 1341 692 1386 enim
726 1341 838 1385 dicti
869 1343 1117 1403 Hungariae
1147 1340 1285 1404 legati
1320 1342 1545 1404 (quorum
1572 1360 1652 1388 co·

250 1417 438 1462 mitatus
459 1417 576 1462 ultra
600 1427 953 1479 nongentorum
977 1418 1186 1479 equitum
1202 1435 1469 1477 numerum,
1490 1429 1656 1482 prieter

247 1511 412 1538 currus
436 1504 480 1539 et
503 1494 750 1556 quadrigas
775 1494 1029 1556 plurimos,
1060 1512 1157 1539 esse
1184 1494 1461 1556 ferebatur),
1491 1496 1578 1541 laeti
1611 1507 1651 1541 et

246 1571 419 1616 alacres
461 1571 591 1632 quod
628 1587 713 1615 suo
749 1571 1014 1633 potirentur
1050 1571 1307 1628 desiderio,
1350 1571 1507 1634 plures
1546 1589 1653 1617 cum

245 1648 421 1710 ingenti
452 1648 607 1692 laetitia
637 1647 735 1692 dies
765 1657 1022 1709 noctesque
1045 1649 1244 1693 Turonis
1278 1650 1651 1710 transegissenffl,

245 1740 331 1769 nec
354 1733 527 1769 restare
556 1724 654 1785 jam
678 1723 805 1768 aliud
828 1723 1081 1781 videretur,
1109 1724 1198 1768 nisi
1222 1740 1445 1786 sponsam
1470 1725 1528 1770 ad
1556 1741 1653 1771 ma-

246 1802 389 1846 ritum
427 1799 757 1846 deducendam
793 1802 1027 1863 recipere,
1067 1817 1174 1846 ecce
1208 1801 1446 1864 insperato
1472 1803 1531 1848 ad
1554 1820 1656 1849 eos-

248 1878 354 1923 dem
392 1878 588 1940 lugubre
627 1887 672 1923 et
706 1878 964 1923 infaustum
993 1877 1129 1923 valde
1165 1877 1224 1924 de
1259 1877 1393 1924 obitu
1429 1881 1547 1941 regis
1582 1881 1653 1926 sui

248 1955 468 1999 nuntium
494 1954 717 2011 defertur,
736 1955 936 1999 factione
954 1954 1200 2016 cujusdam
1225 1955 1423 2001 ssohemi
1450 1957 1649 2013 militis³‚

248 2033 307 2078 ad
328 2033 479 2095 ipsunt
506 2032 737 2077 Boliemiae
761 2049 960 2094 regnum
985 2049 1068 2096 per
1091 2032 1368 2094 hujusmodi
1393 2035 1521 2080 nefas
1548 2052 1653 2097 per-

248 2109 406 2154 venire
429 2108 678 2153 ambientis
698 2127 706 2152 :
736 2118 875 2171 prout
895 2108 952 2153 de
969 2108 1088 2154 facto
1108 2110 1338 2171 pervenit.
1358 2111 1459 2155 Fuit
1477 2112 1652 2174 quippe

248 2202 324 2230 rex
359 2185 637 2230 Lancelotus
660 2201 844 2230 veneno
870 2186 1155 2230 exstinctus:
1182 2202 1403 2248 inagnum
1435 2189 1651 2250 profecto

249 2263 333 2308 toti
366 2262 700 2308 Christianitati
726 2261 897 2306 vulnus
933 2261 1185 2307 inflictum!
1225 2266 1343 2308 Nam
1381 2282 1489 2309 cum
1526 2264 1651 2310 idem

241 2341 427 2402 juvenis
464 2340 679 2386 omnium
709 2355 872 2400 regum
901 2339 1271 2385 christianorum
1299 2343 1652 2404 potentissimus

301 2513 337 2547 1.
370 2508 580 2547 Decembre
602 2513 717 2547 1457.

300 2572 338 2607 2.
369 2570 424 2606 Cf.
449 2572 541 2606 Jean
568 2569 754 2615 Chai-tier,
783 2582 820 2618 p.
847 2570 945 2614 ὑ296,
971 2577 1007 2605 et
1030 2569 1065 2605 la
1086 2569 1244 2606 relation
1272 2584 1317 2607 en
1340 2571 1552 2619 allemand,
1580 2587 1652 2624 pu-

245 2627 343 2665 blice
368 2641 437 2678 par
462 2627 684 2665 l⁷academie
710 2627 756 2664 de
784 2627 927 2663 Vienne
957 2626 1049 2663 dans
1076 2627 1129 2664 les
1164 2631 1292 2664 Fontes
1321 2643 1443 2666 rerum
1476 2634 1652 2668 Austrin-

246 2701 391 2733 carum,
419 2686 569 2736 d'apres
596 2686 631 2723 le
659 2689 782 2735 Copey·
806 2685 893 2721 buch
921 2687 988 2721 cler
1009 2688 1200 2735 gemeinen
1232 2691 1316 2726 Stat
1339 2691 1471 2735 trien,
1504 2698 1528 2726 t.
1560 2693 1653 2739 VH,

248 2750 348 2785 1853
364 2776 373 2794 ‚
394 2747 507 2783 in-80.

301 2809 336 2843 3.
369 2808 520 2858 George
540 2805 765 2857 Pogiebrad.
