2037 3442
429 319 504 353 110
805 313 1143 348 HISTORIARUM
1171 313 1350 347 CAROLI
1380 315 1446 347 VII

428 407 473 442 et
496 394 807 441 habitandum
830 391 1067 451 venirent,
1095 402 1147 437 ut
1178 393 1346 439 exinde
1369 394 1561 439 liberius
1585 404 1630 440 et
1652 397 1830 442 facilius

429 472 687 535 Anglorum
724 469 952 514 terminos
1001 469 1314 516 incursarent.
1358 473 1413 515 Et
1458 480 1593 516 erant
1640 472 1831 533 quidem

427 567 575 615 parvo
613 564 851 595 numero:
883 547 1061 609 equites
1098 547 1368 594 ferebantur
1408 565 1502 593 non
1540 549 1660 593 ultra
1695 550 1833 610 quin-

426 627 649 691 quaginta
682 635 761 670 aut
796 624 1035 686 sexaginta
1058 623 1231 670 lanceae
1251 661 1261 681 ,
1291 624 1471 687 pedites
1515 641 1626 670 vero
1651 624 1835 670 circiter

427 705 619 751 ducenti
651 711 731 748 aut
753 702 978 759 trecenti3
1007 718 1211 761 quorum
1237 701 1463 747 ducatum
1490 701 1716 748 curabant
1738 703 1833 747 (luo

427 781 603 829 strenui
640 783 928 825 Francorum
970 777 1143 823 militiae
1181 779 1433 841 capitanei,
1476 796 1681 841 quorum
1720 779 1835 825 alter

433 862 493 903 La
517 859 681 915 Hiere,
718 855 832 900 alter
864 856 1041 898 P0c0n¹
1068 853 1410 917 appellabatur.
1441 854 1582 909 Quod
1606 871 1714 914 cum
1744 858 1834 900 Ro-

428 934 638 996 thomagi
672 942 793 979 esset
835 933 1105 978 nuntiatum
1143 932 1336 996 prfefato
1374 933 1537 978 comiti
1569 933 1830 993 Arundelli,

428 1014 510 1076 qui
534 1029 643 1058 cum
667 1011 869 1057 exercitu
891 1020 1050 1074 petere
1071 1009 1386 1056 Caletensium
1409 1012 1658 1069 terminos,
1678 1010 1738 1056 ad
1755 1027 1836 1056 eos

429 1088 785 1154 opprimendos,
798 1104 846 1133 se
860 1099 1219 1150 praeparaverat,
1238 1096 1283 1132 et
1297 1088 1552 1133 exercitum
1566 1087 1834 1151 expeditum

427 1165 651 1223 habebat,
679 1181 840 1211 versus
867 1173 1073 1210 castrum
1099 1163 1216 1209 illud
1241 1164 1300 1209 de
1324 1164 1560 1226 Gerberoy
1577 1181 1686 1210 suos
1711 1181 1834 1227 gres—

429 1259 505 1287 sus
542 1241 727 1287 direxit.
767 1243 876 1296 Quo
912 1257 1020 1285 curn
1058 1239 1356 1286 adventasset
1396 1257 1503 1286 cum
1541 1241 1836 1288 festinatione

429 1334 538 1363 cum
578 1317 933 1380 quadringentis
970 1325 1047 1360 aut
1087 1316 1354 1378 quingentis
1398 1316 1456 1362 de
1500 1316 1835 1362 valentioribus

429 1393 663 1456 equitibus
689 1393 807 1451 suis,
831 1392 1065 1453 reliquum
1101 1409 1239 1437 suum
1263 1393 1517 1438 exercitum
1547 1403 1593 1439 et
1616 1392 1726 1438 belli
1751 1409 1834 1457 ap-

429 1480 644 1534 paratum
665 1469 972 1532 praeveiiieiiS,
999 1468 1236 1528 cogitabat
1259 1472 1477 1529 Francos,
1498 1485 1557 1513 ne
1576 1485 1660 1532 per
1678 1468 1834 1531 sugam

429 1547 549 1595 elabi
572 1555 782 1610 possent,
803 1546 1171 1608 circumquaque
1191 1546 1557 1608 circumcingere
1581 1556 1627 1591 et
1643 1545 1707 1591 eis
1733 1561 1835 1591 om-

430 1642 540 1671 nem
562 1627 737 1671 exitum
762 1622 1015 1688 prohibere
1029 1660 1039 1678 ,
1061 1622 1150 1668 sibi
1174 1623 1408 1686 pollicitus
1429 1640 1510 1669 eos
1533 1639 1698 1669 omnes
1717 1623 1835 1687 pati-

431 1703 551 1748 bulis
576 1712 621 1747 et
644 1701 784 1746 furcis
803 1700 992 1762 affigere
1017 1718 1027 1744 :
1056 1700 1116 1746 ad
1136 1701 1267 1763 quod
1290 1700 1632 1764 perficiendum
1649 1738 1660 1759 ,
1689 1716 1836 1762 equos

429 1780 620 1826 funibus
643 1788 688 1824 et
709 1777 889 1840 laqueis
910 1786 1107 1822 onustos
1130 1794 1290 1823 secum
1309 1778 1582 1824 adduxerat.
1610 1776 1702 1822 Sed
1727 1792 1834 1821 cum

429 1856 528 1919 ejus
551 1856 766 1904 animum
789 1852 925 1899 simul
945 1861 990 1897 et
1007 1854 1271 1915 periculum
1291 1870 1451 1912 suum,
1473 1853 1553 1916 qui
1572 1853 1665 1898 illic
1684 1852 1835 1899 adsta-

429 1933 572 1991 bant,
606 1933 772 1978 Franci
793 1949 891 1979 non
928 1934 1242 1996 ignorassent,
1270 1931 1615 1995 perpendentes
1638 1930 1836 1992 qualiter

430 2013 606 2057 circum
629 2011 872 2057 castellum
894 2012 984 2075 ipsi
1006 2011 1164 2072 Angli,
1191 2011 1323 2072 equis
1360 2011 1453 2056 suis
1484 2008 1664 2054 traditis
1701 2023 1836 2053 man-

430 2088 654 2152 gonibus,
688 2088 777 2134 hac
807 2098 947 2152 atque
982 2088 1085 2133 illac
1121 2087 1352 2133 incautius
1388 2095 1718 2149 pervagantes,
1745 2085 1836 2130 im—

429 2166 630 2230 provide
653 2183 753 2212 sese
778 2175 990 2229 agerent,
1014 2166 1194 2228 impetu
1217 2163 1374 2210 valido
1401 2179 1510 2209 cum
1527 2161 1763 2225 equitibus
1782 2178 1835 2208 ac

429 2242 727 2306 pedestribus
746 2244 895 2306 copiis
916 2259 940 2288 e
961 2242 1154 2303 vestigio
1174 2240 1552 2303 insequentibus,
1571 2240 1630 2285 de
1646 2240 1834 2286 castello

430 2321 476 2366 in
509 2321 637 2383 ipsos
671 2320 931 2380 irruerunt,
959 2336 1040 2366 eos
1075 2335 1185 2364 cum
1210 2318 1369 2364 furore
1400 2334 1574 2381 magno
1607 2316 1835 2363 caedentes

430 2407 475 2442 et
491 2406 857 2460 prosternentes,
877 2396 947 2443 Ad
961 2412 1103 2459 quem
1127 2395 1380 2440 tumultum
1406 2394 1660 2440 cumidem
1677 2409 1834 2439 comes

432 2474 606 2518 excitus
625 2511 635 2529 ,
670 2474 718 2518 in
743 2474 998 2536 quemdam
1031 2472 1223 2518 hortum
1257 2487 1367 2516 cum
1398 2470 1611 2534 pluribus
1642 2486 1832 2516 suorum

433 2548 663 2594 nobilium
683 2566 731 2595 se
753 2550 1026 2613 recepisset,
1050 2549 1176 2595 caesis
1198 2548 1341 2593 ferme
1364 2547 1586 2594 omnibus
1610 2548 1690 2610 qui
1713 2547 1833 2592 circa

433 2640 481 2668 se
519 2625 714 2672 aderant
734 2665 744 2685 ,
784 2636 829 2673 et
863 2628 961 2690 ipse
998 2627 1092 2672 ictu
1133 2624 1470 2672 bombardellae
1500 2625 1632 2689 juxta
1664 2623 1831 2690 pedem

490 2785 525 2821 1.
557 2786 610 2821 La
624 2783 716 2821 Hire
729 2792 766 2821 et
786 2787 908 2823 Poton
926 2785 974 2822 de
993 2785 1250 2823 Xaintrailles.
