2037 3442
784 306 925 341 LIBER
953 304 1178 351 QUINTUS.
1603 304 1678 339 ⁹293

288 387 602 450 principibus,
631 388 758 445 iniit,
795 398 890 433 tam
931 387 1250 433 ecclesiasticis
1280 403 1419 448 quam
1446 386 1680 431 saecuiari-

286 461 372 507 bus
388 500 398 522 ,
415 473 459 508 ct
479 480 586 509 cum
606 463 705 526 [eis]
732 465 1003 526 prasertim,
1020 463 1192 524 quibus
1217 464 1360 524 magis
1384 463 1583 507 invisum
1610 463 1678 507 vel

287 554 481 583 exosum
509 540 604 584 fore
634 539 852 585 eumdem
887 539 1057 583 ducem
1090 539 1479 600 Burgundionum
1512 554 1679 599 agnos-

285 618 450 659 ceret¹.
487 615 620 660 Unde
654 625 700 660 et
733 632 841 660 cum
872 613 1238 668 Leodiensihus‚
1272 624 1385 658 tunc
1408 614 1681 676 potentibus

285 690 496 753 populis,
526 692 656 753 quod
688 708 768 736 eos
795 691 1097 736 acerbissimo
1122 707 1174 735 ac
1199 691 1450 735 saevissimo
1475 691 1586 735 odio
1612 692 1680 736 in-

284 777 459 812 sectare
487 767 839 828 Burgundiones
861 766 920 811 ab
945 767 1139 828 antiquo
1159 766 1314 823 sciret,
1343 765 1514 810 foedera
1531 783 1682 829 copu—

282 842 395 888 lavit
413 845 440 888 ²².
470 846 527 887 Ut
551 844 675 887 enlm
696 843 776 905 qui
800 842 1120 887 vetustissimae
1142 841 1322 887 arboris
1352 841 1526 887 molem
1552 852 1683 887 trun-

283 921 418 983 cique
453 919 598 965 robur
626 920 790 980 ingens
808 956 818 976 ,
846 919 947 964 altis
975 928 1022 964 et
1044 919 1243 964 extensis
1272 919 1413 979 longe
1448 918 1682 964 radicibus

285 997 465 1043 haerens
500 997 628 1057 solo,
668 1006 868 1042 conatur
893 995 1113 1055 evellere,
1154 995 1321 1058 procul
1355 996 1562 1057 primum
1598 1013 1682 1059 per

284 1075 427 1120 totius
457 1073 687 1120 ambitum
723 1073 904 1120 arboris
937 1072 1109 1118 fossam
1138 1073 1376 1134 ingentem
1412 1072 1605 1131 effodit,
1633 1085 1683 1120 ut

282 1153 431 1214 ipsam
451 1162 614 1214 postea
637 1152 701 1197 sic
719 1150 1072 1196 circumfossam
1096 1158 1141 1194 ct
1160 1149 1257 1210 jam
1280 1149 1355 1194 xix
1374 1149 1476 1194 ullis
1494 1149 1681 1196 affixam

282 1229 376 1273 suis
413 1228 671 1287 radicibus,
709 1227 911 1273 admotis
935 1225 1169 1289 aliquibus
1204 1225 1478 1271 hominibus
1501 1244 1583 1272 seu
1601 1245 1682 1291 pa-

282 1304 412 1349 ribus
440 1304 589 1350 boum
606 1343 615 1361 ‚
648 1322 756 1350 cum
784 1304 973 1350 funibus
997 1304 1141 1367 possit
1170 1312 1467 1365 prosternere
1493 1313 1539 1349 et
1562 1306 1681 1350 exci-

281 1381 418 1439 dere,
450 1398 545 1426 non
571 1382 719 1440 aliter,
751 1382 810 1427 ad
834 1380 1148 1427 excidendum
1175 1380 1372 1425 domum
1404 1382 1681 1442 Burgundiae

280 1456 573 1503 humiliandu
582 1475 721 1520 mque
742 1459 864 1520 (quae
882 1467 984 1502 tum
999 1457 1199 1502 maxime
1213 1473 1307 1520 prae
1322 1457 1495 1502 caeteris
1510 1458 1608 1504 Gal!
1619 1460 1681 1506 ia-

280 1550 387 1579 rum
405 1535 477 1580 vel
495 1535 756 1580 Germaniae
776 1535 942 1581 florere
955 1545 999 1580 et
1019 1534 1157 1580 rebus
1175 1533 1394 1579 secundis
1411 1534 1602 1582 affluere
1615 1539 1681 1583 vi-

279 1610 517 1674 debatur),
534 1613 744 1671 Carolus,
761 1616 1155 1671 Fraucorumrex,
1171 1614 1304 1674 quasi
1319 1613 1681 1662 circumfodieus

280 1697 325 1733 et
351 1688 529 1734 radices
554 1689 734 1751 alonge
758 1690 1001 1735 succidens
1016 1689 1086 1734 vel
1108 1688 1371 1748 denudans,
1393 1707 1682 1753 quaquaver-

280 1780 383 1809 sum
408 1774 617 1826 poterat,
650 1782 729 1810 seu
764 1782 874 1810 cum
910 1763 1203 1828 principibus
1233 1781 1315 1809 seu
1346 1781 1457 1810 cum
1492 1768 1680 1830 populis

280 1840 453 1887 foedera
491 1842 780 1905 exquirebaf.
822 1841 1034 1886 Habebat
1074 1841 1199 1886 enim
1238 1841 1388 1887 foedus
1419 1859 1527 1888 cum
1562 1845 1681 1891 duce

282 1916 549 1975 Sabaudiae,
577 1936 719 1981 quem
738 1918 1038 1980 Lugdunum,
1067 1918 1181 1963 dum
1206 1918 1296 1963 illic
1321 1929 1457 1977 esset,
1485 1920 1681 1982 hujusce

284 1998 347 2043 rei
371 2014 508 2043 causa
531 1999 822 2044 accersierat.
850 1998 941 2043 Sed
966 2008 1011 2044 et
1035 1998 1245 2043 similiter
1268 2016 1377 2044 cum
1395 1999 1679 2046 Suitensium

284 2074 470 2138 populis
501 2073 648 2119 foedus
672 2074 912 2137 copularat
925 2076 954 2132 ²³,
980 2075 1060 2136 qui
1091 2075 1210 2119 imer
1238 2085 1429 2120 caeteros
1453 2076 1677 2138 populos,

282 2153 362 2214 qui
395 2151 566 2196 nullius
597 2152 742 2214 pressi
767 2152 965 2214 imperio
1000 2154 1048 2197 in
1071 2152 1218 2197 libera
1243 2153 1582 2198 communitate
1606 2153 1684 2198 de-

283 2239 437 2291 gunt,
476 2228 652 2273 viribus
688 2237 826 2290 atque
863 2229 1004 2275 armis
1040 2239 1257 2292 potentes
1304 2230 1575 2292 strenuique
1618 2230 1683 2276 fe—

282 2316 465 2352 runtur.

337 2457 373 2494 1.
406 2454 548 2492 Traitcs
573 2468 665 2492 avec
688 2454 880 2500 Preti-eric,
902 2455 1069 2493 electeur
1091 2456 1138 2492 de
1161 2458 1278 2502 Saxe,
1303 2455 1351 2492 du
1372 2457 1422 2492 ⁶26
1443 2456 1539 2492 avril
1566 2457 1684 2502 4448,

284 2525 320 2553 et
346 2528 440 2551 avec
470 2515 709 2560 Guillaume,
738 2514 810 2552 duc
835 2514 880 2551 de
906 2518 1027 2561 Saxe,
1055 2528 1102 2552 en
1123 2515 1237 2551 1458.
1266 2514 1420 2554 Tenzel,
1446 2517 1546 2552 Hist.
1576 2515 1682 2552 Goth.

282 2578 406 2622 suppl.
427 2576 525 2621 Rel.‚
549 2587 585 2623 p.
612 2576 702 2621 (570,
722 2582 758 2610 et
779 2573 980 2623 Ludexxig,
998 2574 1198 2621 Reliqtcz'ae,
1218 2581 1245 2611 t.
1263 2576 1338 2620 IX,
1357 2587 1392 2624 p.
1413 2576 1501 2611 720.

338 2635 376 2669 2.
409 2635 465 2669 En
489 2634 606 2669 1460.
627 2632 820 2676 Zamfliet‚
845 2631 937 2668 dans
956 2632 1112 2681 PAmpl.
1135 2633 1313 2680 collectio,
1340 2639 1365 2670 t.
1391 2635 1437 2681 V,
1459 2632 1531 2671 col.
1559 2635 1650 2672 104..

339 2693 375 2728 3.
405 2694 457 2728 Le
479 2694 500 2727 5
524 2690 618 2728 avril
640 2693 756 2728 1453.
777 2694 965 2739 Dumont,
984 2700 1010 2728 t.
1034 2694 1087 2728 III
1105 2720 1114 2736 ,
1136 2705 1175 2741 p.
1200 2693 1287 2728 193.
