2037 3442
433 339 508 373 2150
810 336 1103 371 HISTORIARU
1109 337 1144 369 M
1173 334 1351 371 CAROLI
1378 336 1446 370 VII

432 418 579 462 caeteri
606 415 911 478 provinciales
939 416 983 459 in
1016 431 1161 477 regno
1184 418 1472 459 Francorum
1504 416 1816 471 sustinebant3

432 495 474 538 in
501 510 596 555 quo
617 493 890 555 spoliatores
915 492 1043 552 regni
1068 492 1220 554 palam
1241 491 1584 554 praedicantjus
1604 492 1725 536 istud
1751 508 1821 536 re-

430 587 533 632 gem
558 571 604 614 in
630 578 824 614 cunctos
850 567 1108 630 regnicolas
1133 568 1451 629 acquisix'isse,
1469 567 1597 629 quod
1618 584 1702 630 pro
1720 567 1820 612 solo

430 656 542 690 nutu
569 661 653 690 suo
672 654 744 701 et,
774 644 958 706 quoties
981 643 1115 700 velit,
1143 643 1385 689 talliabiles
1411 644 1661 689 exsistunt:
1690 643 1820 706 quod

425 722 471 766 in
499 721 665 767 effectu
689 721 803 765 nihil
830 729 895 765 est
928 719 1055 764 aliud
1086 719 1270 776 dicere,
1302 720 1389 765 nisi
1418 719 1547 782 quod
1571 719 1724 764 nullus
1757 719 1820 764 ibi

423 797 681 860 quidquam
705 796 846 842 habet
864 832 874 851 ,
903 795 1034 858 quod
1059 813 1195 841 suum
1220 796 1375 841 dicere
1399 805 1574 858 posset,
1600 812 1708 840 cum
1734 813 1818 858 pro

423 874 525 920 solo
560 874 781 937 principis
813 873 1006 918 arbitrio
1041 873 1224 935 quoties
1250 871 1362 916 libet
1388 871 1446 916 ab
1483 888 1540 916 eo
1565 871 1686 932 juste
1721 871 1818 916 tolli

422 961 579 1014 posset
609 969 617 995 :
648 967 750 1012 quae
781 949 968 1013 proprie
993 958 1059 993 est
1081 964 1326 993 servorum
1352 947 1560 992 conditio
1577 983 1588 1005 7
1615 946 1785 1009 quibus
1803 983 1814 1005 ,

422 1028 506 1072 etsi
547 1027 728 1072 domini
762 1026 1034 1090 permittant
1071 1024 1244 1069 habere
1283 1023 1486 1087 peculia,
1527 1024 1625 1086 ipsa
1661 1033 1815 1069 tamen

419 1104 536 1149 sicut
570 1120 735 1149 eorum
766 1118 968 1165 corpora
991 1118 1017 1146 a
1039 1101 1243 1146 dominis
1281 1117 1548 1157 servorum,
1592 1117 1677 1163 pro
1715 1101 1815 1146 solo

418 1179 639 1236 arbitrio,
668 1189 891 1241 tanquam
919 1178 1107 1241 propria
1132 1177 1278 1240 accipi
1305 1180 1537 1239 possunfl.

485 1256 619 1301 Unde
648 1257 734 1319 ipsi
772 1258 1004 1300 Vascones
1037 1264 1082 1298 et
1114 1254 1275 1316 populi
1314 1254 1552 1315 potissime
1585 1255 1815 1316 Buralega-

415 1333 565 1378 lenses
586 1333 720 1378 valde
745 1331 1038 1384 conturbati,
1062 1329 1323 1375 faventibus
1343 1329 1556 1392 pluribus
1576 1330 1813 1376 nobilibus

416 1410 602 1471 patriae,
642 1409 700 1454 de
736 1407 945 1453 remedio
985 1407 1158 1465 etiam,
1199 1421 1385 1468 quaque
1423 1406 1490 1452 via
1525 1407 1571 1451 in
1610 1407 1811 1468 priscam

414 1485 676 1530 libertatem
713 1502 760 1530 se
785 1483 1020 1529 vindicare
1052 1492 1265 1546 possent⁷
1293 1482 1413 1527 clam
1437 1483 1639 1545 cogitare
1671 1493 1811 1546 atque

414 1571 609 1607 tractare
634 1570 894 1623 coeperunt.
924 1562 979 1605 Et
1002 1575 1111 1604 cum
1134 1558 1288 1603 adhuc
1314 1559 1378 1603 eis
1403 1576 1564 1604 recens
1584 1569 1701 1604 esset
1724 1577 1810 1604 no-

413 1638 509 1682 titia
533 1648 669 1698 atque
694 1636 896 1681 amicitia
923 1652 1031 1680 cum
1056 1633 1227 1695 Angliae
1251 1634 1566 1697 principibus,
1596 1635 1681 1679 sub
1705 1637 1808 1697 qui-

411 1712 499 1757 bus
531 1714 576 1757 in
608 1713 819 1757 libertate
848 1726 1014 1771 magna
1048 1709 1191 1770 longo
1224 1726 1322 1754 aevo
1356 1723 1731 1772 permanserant,
1760 1712 1805 1756 in

414 1789 621 1850 Angliam
650 1789 830 1850 aliquos
854 1804 909 1832 ex
932 1787 1025 1831 suis
1045 1787 1418 1844 transmiserunt,
1446 1788 1742 1833 nuntiaturos
1762 1798 1805 1833 et

411 1865 553 1910 fidem
587 1883 672 1928 pro
706 1866 815 1928 ipsis
850 1864 1153 1927 praestituros,
1197 1862 1352 1924 quod,
1387 1864 1423 1907 si
1458 1879 1565 1908 cum
1592 1863 1735 1908 classe
1762 1873 1808 1909 et

411 1942 564 1987 valida
603 1941 802 1986 militum
842 1957 982 1985 manu
1030 1938 1189 1983 littora
1223 1955 1304 1984 sua
1365 1949 1573 2001 repetere
1607 1940 1802 1995 vellent,

408 2035 489 2064 eos
524 2019 645 2063 intra
675 2018 812 2063 urbes
845 2028 889 2062 et
920 2015 1095 2078 oppida
1134 2016 1320 2078 patriae,
1361 2032 1463 2078 quae
1495 2017 1541 2060 in
1579 2027 1806 2079 potestate

408 2095 660 2153 haberent,
687 2095 880 2142 eosdem
904 2093 1165 2156 reciperent
1187 2105 1325 2154 atque
1350 2093 1731 2139 intromitterent.

473 2172 609 2234 Angli
632 2181 789 2218 autem
828 2188 883 2216 ex
914 2169 1186 2231 hujusmodi
1227 2170 1396 2214 nuntio
1431 2170 1521 2215 laeti
1556 2180 1601 2215 et
1632 2171 1805 2217 alacres

408 2245 559 2294 effecti
581 2249 726 2311 (illam
751 2249 876 2294 enim
894 2247 1092 2311 patriam
1112 2255 1305 2309 propter
1318 2263 1501 2304 causas,
1525 2263 1641 2308 quas
1663 2264 1803 2311 supra

406 2328 640 2390 tetigimus
658 2365 668 2384 ,
693 2327 885 2372 charam
910 2324 1165 2388 plurimum
1190 2323 1472 2386 habebant),
1496 2324 1694 2371 libenter
1719 2342 1802 2370 vo-

405 2405 461 2449 tis
486 2421 670 2462 eorum,
695 2404 791 2448 imo
815 2412 859 2448 et
882 2419 978 2447 non
1003 2401 1158 2445 minus
1175 2401 1286 2460 suis,
1314 2401 1663 2462 acquieverunt,
1692 2411 1801 2448 etse

403 2481 531 2541 quod
552 2480 880 2526 desiderabant
900 2478 1031 2524 brevi
1052 2477 1254 2522 facturos
1280 2476 1654 2540 spoponderunt.
1682 2481 1800 2523 Tan-

402 2569 456 2605 tae
478 2561 632 2622 itaque
655 2561 908 2623 propositae
931 2558 1018 2604 sibi
1045 2556 1226 2604 utilitati
1248 2557 1489 2619 vigilanter
1513 2558 1798 2604 incumben-

454 2733 485 2767 l.
522 2733 570 2766 La
601 2731 811 2767 tradiit-tion
843 2731 938 2768 libre
967 2731 1018 2767 du
1042 2730 1212 2780 cbapitre
1239 2738 1292 2766 1ve
1320 2744 1366 2767 en
1390 2732 1509 2768 entier
1535 2741 1570 2769 et
1591 2732 1641 2769 du
1662 2734 1794 2779 vejus-

394 2788 528 2838 qu’ici,
549 2798 603 2825 est
620 2788 711 2824 (lans
732 2789 783 2825 les
802 2792 950 2826 Nom-es
969 2797 1005 2824 ec
1019 2791 1191 2825 Exn-aits
1204 2789 1268 2823 des
1286 2791 1518 2836 manuscrits,
1539 2799 1563 2826 t.
1585 2793 1616 2837 Ι,
1638 2804 1675 2840 p.
1698 2793 1787 2827 432.
