2037 3442
692 336 836 371 LIBER
861 335 1081 380 QUINTUS.
1495 330 1569 365 249

186 416 409 477 majorem
447 426 624 479 partem
661 415 871 471 tradidit,
918 415 1005 460 alia
1043 411 1314 459 earumdem
1354 410 1571 472 portione

185 493 243 537 ad
274 493 493 538 tutandos
523 494 818 538 Normanniae
852 492 966 537 fines
997 491 1151 536 relicta
1184 499 1227 534 et
1260 504 1343 550 per
1380 501 1570 530 omnem

185 569 464 614 maritimam
488 585 618 614 oram
637 568 844 630 ejusdem
868 568 1108 612 collocata.

249 644 576 704 Aggredientes
606 645 761 706 itaque
786 642 958 705 praefati
995 642 1187 686 comites
1216 640 1573 684 Claromonten-

184 720 243 763 sis
280 729 323 763 et
369 721 623 775 Dunensis,
673 736 779 764 cum
819 717 975 762 multis
1011 716 1179 760 militiae
1211 725 1305 759 tam
1350 712 1574 774 equestris

185 812 325 857 quam
358 798 494 841 etiam
523 796 747 859 pedestris
779 793 997 850 ducibus,
1024 793 1243 836 ducatum
1271 790 1402 833 dietae
1427 804 1574 850 expe—

184 873 371 917 ditionis
387 909 396 926 ,
427 873 594 933 Anglos
617 883 661 917 et
686 875 918 916 Vascones
941 869 1138 913 multum
1162 873 1451 920 terruerunt3
1479 864 1573 907 imo

180 948 276 1009 jain
314 965 366 993 ex
406 948 524 993 fama
563 964 717 992 rerum
753 947 798 990 in
841 944 1126 990 Normannia
1174 950 1405 1003 gestarum
1449 939 1575 983 velut

186 1025 381 1086 pavidos
437 1034 573 1087 atque
621 1024 842 1068 attonitos
897 1022 1024 1066 facile
1078 1029 1123 1064 et
1176 1017 1351 1078 absque
1403 1031 1574 1076 magno

186 1101 373 1161 negotio
393 1100 688 1160 subegerunt.
713 1101 828 1142 Sunt
855 1098 974 1142 inter
993 1105 1152 1141 catera
1177 1092 1348 1156 oppida
1366 1127 1376 1147 ,
1404 1107 1505 1153 quae
1528 1091 1574 1135 in

186 1176 249 1218 eis
274 1175 405 1219 terris
439 1174 568 1236 Angli
599 1173 914 1235 occupabant,
944 1172 1039 1216 duo
1072 1170 1305 1233 praecipua
1333 1167 1393 1212 ad
1427 1167 1575 1229 ripam

186 1249 407 1293 Girundae
445 1249 648 1293 fluminis
685 1249 794 1306 sita,
837 1249 957 1292 inter
993 1246 1155 1291 urbem
1194 1243 1497 1305 Burdegalam
1532 1252 1577 1287 et

188 1344 330 1385 mare,
357 1328 569 1372 videlicet
591 1327 792 1372 ΒοιιΓθΙῑ1
815 1335 858 1371 et
883 1326 1048 1387 Blase,
1078 1342 1180 1387 quae
1203 1323 1346 1369 veluti
1372 1322 1577 1366 fluminis

185 1404 381 1461 ostium,
433 1420 540 1448 cum
582 1403 673 1448 illic
723 1404 952 1464 ingressus
997 1418 1049 1447 ex
1096 1401 1212 1445 mari
1264 1400 1336 1444 vel
1384 1397 1492 1443 inde
1529 1397 1579 1441 fit

185 1497 393 1542 egressus
434 1481 492 1526 ad
542 1497 694 1537 mare,
743 1497 976 1526 asservare
1021 1490 1065 1525 et
1112 1479 1295 1524 munire
1334 1477 1574 1533 videntur3

186 1557 356 1618 quibus
390 1557 581 1613 habitis,
620 1557 748 1602 facile
780 1568 842 1602 est
878 1573 961 1619 per
993 1556 1166 1601 flumen
1198 1572 1222 1601 e
1257 1554 1387 1600 terris
1415 1553 1484 1598 vel
1519 1551 1580 1597 ad

187 1643 330 1677 terras
368 1634 489 1695 ipsas
537 1634 879 1695 navigationem
913 1642 984 1689 et,
1031 1649 1114 1695 per
1148 1632 1262 1689 hoc,
1300 1629 1580 1675 commercia

186 1709 403 1754 inhiberi.
437 1710 501 1754 Ad
526 1709 622 1755 haec
646 1711 782 1771 igitur
809 1709 1089 1766 obtinenda,
1116 1707 1243 1752 velut
1269 1706 1419 1751 claves
1449 1719 1582 1766 quas-

187 1784 292 1829 dam
327 1785 588 1847 aperiendae
621 1784 905 1845 Burdegalae,
946 1783 1118 1846 praefati
1161 1781 1394 1845 principes
1433 1788 1579 1824 castra

187 1861 440 1906 successive
463 1870 737 1923 posuerunt.
766 1860 947 1916 Quibus
972 1860 1101 1904 duris
1131 1856 1457 1903 obsidionibus
1482 1871 1582 1901 ma—

188 1936 526 1998 chinarumque
558 1953 611 1982 ac
651 1938 957 1999 petrariarum
1002 1934 1323 1991 tunsionibus,
1364 1932 1498 1978 simul
1538 1942 1582 1977 et

192 2012 551 2056 necessariarum
567 2029 724 2057 rerum
742 2013 903 2075 inopia
918 2011 1051 2057 brevi
1069 2021 1279 2073 tempore
1296 2009 1578 2063 constrictis,

189 2087 247 2131 ad
275 2087 562 2132 deditionem
584 2088 843 2134 faciendam
863 2089 1078 2134 obsessos
1093 2091 1105 2111 ²
1126 2096 1380 2147 coegerunt
1399 2088 1426 2130 ³.

257 2166 478 2208 Putarunt
514 2164 765 2226 aliquando
801 2166 975 2226 Anglici
1005 2176 1050 2211 et
1083 2169 1318 2211 Vascones
1352 2161 1582 2225 quosdam

191 2256 244 2283 ex
289 2242 572 2284 Francorum
613 2241 859 2298 militibus,
905 2243 985 2304 qui
1015 2242 1133 2287 duce
1161 2242 1332 2286 comite
1368 2238 1546 2283 Dorval
1567 2273 1578 2295 ‚

191 2316 283 2360 acri
319 2325 363 2360 et
398 2326 587 2361 strenuo
627 2317 767 2373 duce,
810 2317 924 2362 fines
960 2318 1223 2379 Burdegaloe
1259 2315 1578 2372 incursabant,

191 2392 464 2453 intercipere
501 2402 544 2437 et
581 2392 837 2447 debellare,
886 2395 1187 2456 exieruntque
1232 2393 1290 2439 de
1330 2391 1584 2453 Burdegala

191 2467 288 2512 duo
324 2467 395 2512 vel
430 2468 516 2513 tria
550 2469 691 2514 millia
726 2479 1011 2515 armatorum
1046 2487 1186 2533 super
1217 2486 1312 2515 eos.
1349 2468 1438 2514 Sed
1474 2484 1583 2513 cum

246 2611 282 2646 1.
314 2612 634 2659 Bourg-sur-Mer.

246 2670 283 2703 ⁶2.
322 2667 485 2703 Obsessis
505 2667 598 2704 dans
617 2668 650 2703 le
670 2669 884 2707 manuscrit.

248 2728 284 2765 3.
315 2729 367 2762 La
396 2726 638 2775 capitulation
669 2726 715 2762 de
744 2727 858 2776 Blaye
884 2736 938 2764 est
962 2727 1013 2763 du
1039 2730 1087 2764 24
1119 2728 1192 2764 mai
1222 2729 1316 2764 1451
1351 2736 1387 2764 et
1413 2728 1507 2764 celle
1537 2727 1585 2764 de

195 2787 517 2835 Bourg—sur-Mer
536 2785 586 2821 du
610 2787 674 2824 29.
