2037 3442
663 274 806 310 LIBER
834 274 1096 310 SECUNDUS.
1535 272 1582 307 63

192 373 347 401 rerum
371 355 736 400 necessariarum
762 356 957 418 penuria
992 364 1035 399 et
1066 353 1262 399 caristia.
1293 356 1390 398 Non
1426 362 1581 398 tamen

193 431 374 477 animus
398 431 611 492 viresque
638 431 701 475 eis
733 430 920 475 defuere
953 430 1066 492 quin
1098 446 1144 474 se
1171 428 1229 474 ab
1253 427 1468 473 hostibus
1491 439 1585 473 tue-

191 517 366 566 rentur,
395 523 596 568 eosque,
624 506 867 568 quomodo
892 515 1107 568 possent,
1135 505 1318 550 assidue
1342 521 1462 567 pene
1495 514 1584 549 stu-

190 583 356 628 derent
393 583 682 646 impugnare.
729 582 862 627 Unde
902 599 1034 640 cum,
1074 580 1281 642 quodam
1313 580 1410 637 (lie,
1443 597 1585 642 quem

190 659 485 721 praediximus
505 676 662 704 comes
679 659 1020 705 Salisberiensis
1038 673 1190 702 arcem
1211 655 1359 712 illam,
1380 657 1424 699 in
1440 657 1584 701 altero

190 733 282 780 fine
306 736 488 797 pontis,
514 736 773 780 intravisset
797 735 1130 795 lustraretque,
1158 732 1446 795 prospiciens
1470 748 1586 793 quo-

189 810 334 855 modo
361 828 444 874 per
474 828 575 857 eam
610 812 781 856 civitati
814 811 1089 855 detrimenta
1117 809 1332 865 inferret,
1366 817 1483 852 nutu
1511 807 1582 852 di-

188 887 303 932 vinae
327 888 632 950 providentiae
657 905 740 950 per
760 887 926 933 urbem
946 887 1091 948 ipsam
1124 885 1168 929 in
1197 884 1402 929 hostium
1428 894 1584 946 potes—

191 972 329 1007 tatem
355 963 500 1025 redigi
526 963 843 1026 prohiberet¹,
878 979 930 1007 ex
958 960 1187 1006 moenibus
1212 959 1407 1005 civitatis
1433 959 1584 1020 jactus

188 1037 246 1082 de
280 1038 603 1084 bombardella
638 1039 780 1101 lapis,
827 1038 1073 1082 fenestram
1109 1050 1251 1080 unam
1281 1034 1378 1096 ejus
1418 1036 1579 1094 turris,

188 1115 261 1158 cui
297 1130 446 1176 prope
478 1113 690 1160 adstabat
722 1114 847 1159 idem
875 1128 1032 1158 comes
1051 1148 1061 1168 ,
1088 1111 1300 1169 intravit3
1333 1111 1412 1172 qui
1443 1110 1584 1156 ferra-

188 1199 346 1234 mento
378 1190 558 1249 allisus,
587 1207 682 1253 quo
707 1190 870 1235 eadem
895 1187 1192 1233 muniebatur
1222 1187 1444 1245 fenestra,
1469 1195 1514 1231 et
1535 1187 1581 1232 in

187 1274 318 1327 parte
343 1265 540 1320 divisus,
575 1267 620 1310 in
647 1276 784 1328 caput
808 1265 949 1328 ipsius
977 1264 1186 1322 comitis,
1204 1279 1361 1326 rprope
1385 1262 1583 1308 alterum

187 1341 461 1400 oculorum,
507 1343 726 1404 impegit,
780 1358 981 1403 eumque
1024 1339 1256 1385 lethaliter
1298 1339 1576 1385 vulneravit.

186 1420 423 1479 Cumque,
452 1418 515 1463 ita
546 1419 750 1477 saucius,
785 1417 845 1463 ad
879 1416 1108 1480 oppidum
1134 1415 1381 1460 Modinum
1414 1433 1462 1460 se
1501 1415 1582 1461 de-

186 1497 295 1543 ferri
314 1497 507 1556 fecisset,
529 1498 647 1542 infra
664 1513 923 1560 paucorum
941 1496 1122 1541 dierum
1140 1495 1288 1558 spatia
1310 1495 1400 1540 vita
1425 1511 1582 1540 exces-

186 1573 259 1619 sit.
298 1577 410 1630 Quae
442 1591 514 1619 res
552 1584 596 1620 et
627 1574 800 1619 civitati
826 1583 869 1618 et
893 1573 1078 1618 Francis
1111 1589 1207 1617 non
1240 1571 1437 1617 infausta
1463 1571 1578 1630 fuit3

187 1666 297 1695 nam
325 1650 444 1696 inter
468 1667 632 1695 omnes
656 1651 913 1712 Anglorum
945 1649 1086 1694 duces
1115 1658 1160 1694 et
1197 1647 1582 1711 prudentissimus

184 1728 232 1771 in
273 1727 411 1772 rebus
440 1727 616 1773 bellicis
643 1737 687 1772 et
710 1728 1052 1773 strenuissimus
1075 1725 1352 1772 habebatur.
1384 1725 1584 1788 Reliquit

184 1812 340 1849 autem
377 1804 581 1848 moriens
618 1804 759 1849 totius
792 1803 1049 1849 obsidionis
1085 1812 1130 1848 et
1164 1802 1391 1847 exercitus
1420 1818 1582 1847 curam

183 1880 371 1926 cuidam
396 1880 607 1942 Anglico,
636 1891 952 1941 cognomento
980 1878 1251 1937 Classz'clczs²‚
1279 1895 1420 1941 quem
1442 1879 1581 1925 etiam

183 1957 327 2003 totius
351 1958 590 2002 industria}
616 1957 824 2003 militaris
847 1957 1141 2020 potissimum
1165 1955 1431 2019 reputabat.

247 2033 481 2079 Defuncto
520 2034 660 2096 igitur
703 2034 782 2078 tali
821 2033 964 2078 modo
1006 2032 1174 2077 comite
1224 2030 1578 2091 Salisberiensi,

183 2108 315 2170 cujus
337 2126 513 2155 nomen
538 2120 583 2155 et
606 2110 729 2155 fama
757 2110 942 2155 Francis
966 2125 1063 2154 non
1088 2124 1232 2171 parvo
1256 2107 1576 2167 ducebantur,

182 2184 318 2230 laetati
339 2196 447 2230 sunt
466 2186 685 2248 quidem,
707 2187 787 2247 qui
808 2187 854 2230 in
879 2186 1060 2231 civitate
1081 2184 1258 2230 obsessi
1278 2184 1576 2241 tenebantur,

180 2270 225 2306 et
245 2278 324 2324 spe
350 2262 542 2307 meliore
565 2261 773 2307 roborati
794 2278 885 2307 suae
902 2261 1162 2307 defensioni
1181 2261 1373 2306 viriliter
1395 2261 1581 2306 incum-

179 2336 308 2384 bere.
350 2338 481 2400 Angli
514 2355 624 2384 vero
663 2356 687 2384 e
728 2339 911 2384 diverso
937 2339 1072 2384 variis
1105 2337 1497 2383 machinamentis
1526 2353 1580 2384 ac

181 2414 504 2460 molitionibus
526 2415 598 2461 vel
629 2416 863 2462 civitatem
889 2432 1183 2479 expugnare,
1219 2415 1290 2460 vel
1326 2415 1480 2461 inedia
1520 2415 1579 2462 ad

182 2490 471 2537 deditionem
496 2493 616 2537 cives
635 2509 801 2553 urgere
819 2530 830 2551 ,
858 2492 1150 2538 insistebant.

237 2609 272 2646 1.
304 2610 378 2644 Sic.
401 2607 432 2643 Il
457 2608 536 2644 faut
556 2607 626 2644 lire
655 2621 740 2644 sans
766 2607 880 2644 doute
914 2617 1004 2643 num
1026 2609 1157 2644 divinae
1179 2609 1416 2656 provideatiae
1454 2608 1577 2646 urbem

182 2670 299 2714 ipsam
322 2670 358 2701 ia
377 2667 532 2704 hostium
548 2675 767 2716 potestatem
787 2668 907 2716 redigi
912 2666 1158 2714 prolabentis.

236 2727 272 2762 2.
307 2725 497 2763 Glasdale.
