2037 3442
711 353 850 387 LIBER
881 351 1120 397 QUARTUS.
1544 349 1613 383 201

222 434 341 480 dites
364 449 521 480 arcem
546 433 924 492 munitissimam,
951 449 1054 495 quae
1072 432 1118 477 in
1134 441 1341 478 extremo
1363 430 1537 493 pontis,
1564 429 1623 475 ad

224 510 367 571 ipsius
393 509 657 556 custodiam
675 511 759 555 sita
773 544 784 565 ,
811 511 1180 571 circumquaque
1197 508 1397 568 cingitur
1412 508 1626 569 Sequana

225 586 445 643 flumine,
471 602 640 647 magna
663 586 899 631 celeritate
923 594 1230 647 occuparunt.
1254 585 1335 628 Cui
1354 599 1462 628 cum
1488 599 1626 646 expu-

223 662 420 723 gnandae
440 679 547 725 pars
571 661 884 716 incumberet,
907 660 983 706 alii
1006 660 1311 704 nihilominus
1331 676 1414 722 per
1430 668 1626 722 pontem

224 738 284 783 ad
309 739 557 802 oppidum,
582 739 640 784 ad
661 740 851 784 alteram
872 737 1076 783 [luminis
1097 737 1249 800 ripam
1271 737 1428 795 situm,
1452 752 1624 799 magno

223 832 334 860 cum
360 816 536 879 impetu
564 825 881 862 accurrerunt.

289 896 400 938 Erat
432 903 531 938 tum
569 894 612 936 in
657 893 758 956 ipso
796 890 972 955 oppido
1005 905 1163 936 comes
1198 888 1256 934 de
1290 888 1620 952 Falkenberg¹,

223 968 318 1014 dux
348 978 486 1014 certae
510 969 682 1013 militia·r
712 967 994 1029 Anglicanae,
1022 966 1101 1029 qui
1125 965 1184 1011 ad
1207 965 1460 1010 clamorem
1483 974 1528 1010 et
1554 975 1624 1010 tu-

226 1046 425 1091 inultum
445 1082 456 1102 ‚
479 1046 560 1108 qui
579 1045 637 1091 ad
657 1054 842 1108 portam
866 1043 1029 1107 oppidi
1053 1053 1097 1088 et
1116 1043 1162 1087 in
1183 1042 1298 1087 arcis
1309 1042 1468 1104 pontis
1484 1056 1624 1102 expu-

226 1123 447 1183 gnatione
484 1121 686 1179 fiebant,
727 1121 939 1166 concitus
968 1119 1027 1165 ad
1062 1120 1209 1182 ipsam
1244 1117 1408 1181 oppidi
1438 1126 1624 1181 portam

226 1197 531 1242 muniendam
556 1196 996 1258 defendendamque
1021 1195 1233 1251 advenit3
1268 1195 1348 1239 sed
1368 1231 1378 1251 ,
1404 1193 1513 1238 licet
1541 1192 1623 1240 ali-

223 1273 436 1332 quandiu
458 1272 737 1318 nonnullam
764 1272 943 1317 fecisset
956 1270 1264 1316 resistentiam
1283 1306 1293 1328 ,
1315 1269 1446 1314 brevi
1466 1279 1624 1315 tamen

224 1358 361 1411 porta
384 1359 649 1411 expugnata
665 1386 676 1407 ,
708 1349 754 1393 in
780 1348 987 1394 hostium
1012 1357 1291 1411 potestatem
1316 1346 1543 1410 pervenit.
1572 1349 1627 1390 Et

223 1436 389 1489 captus
412 1428 605 1489 quidem
630 1427 755 1472 idem
781 1443 941 1472 comes
966 1427 1050 1472 suit
1072 1443 1098 1470 a
1123 1425 1330 1488 quodam
1355 1424 1592 1485 sagittario
1609 1457 1622 1482 ,

224 1503 410 1565 plebeio
438 1505 564 1564 viro,
593 1506 691 1563 cui,
723 1521 832 1550 cum
857 1504 1000 1549 fidem
1022 1504 1156 1559 dare,
1180 1519 1237 1548 eo
1255 1501 1383 1565 quod
1408 1500 1625 1562 ignobilis

223 1590 368 1640 esset,
396 1581 571 1626 diutius
604 1582 912 1638 detrectaret,
942 1596 1072 1644 paene
1097 1579 1261 1625 mortis
1289 1579 1483 1624 incurrit
1507 1578 1627 1641 peri-

224 1656 400 1702 culum.
430 1658 571 1713 Quod
593 1675 703 1703 cum
734 1658 844 1703 alias
868 1657 1069 1719 effugere
1095 1656 1288 1701 minime
1311 1665 1494 1719 posset,
1521 1656 1626 1701 vitae

224 1749 318 1778 suae
341 1734 609 1793 consulens,
641 1734 795 1780 eidem
823 1751 871 1780 se
895 1734 1130 1797 captivum
1154 1733 1301 1778 dedit.
1328 1735 1441 1778 Arce
1466 1732 1624 1794 itaque

225 1811 382 1873 pontis
399 1849 410 1871 ,
439 1821 579 1874 atque
604 1812 787 1876 oppido
814 1821 860 1857 et
888 1821 1030 1874 ponte
1053 1811 1196 1874 ipsius
1218 1810 1330 1870 loci,
1367 1810 1447 1872 qui
1470 1826 1498 1855 a
1532 1812 1624 1855 Ro-

228 1888 452 1950 thomago
482 1900 693 1952 quatuor
724 1889 867 1935 leucis
902 1889 1135 1951 gallicanis
1165 1887 1331 1947 distat,
1358 1887 1452 1932 hoc
1477 1886 1623 1932 modo

226 1966 390 2011 Franci
407 1967 541 2029 potiti
564 1977 673 2012 sunt
697 1967 828 2012 initio
855 1967 1026 2012 mensis
1043 1966 1191 2023 maii²,
1207 1982 1335 2011 anno
1348 1981 1621 2012 Mcccchlx.

682 2154 1016 2199 CAPITULUM
1050 2154 1168 2198 XIV.

253 2272 347 2314 Quid
364 2273 469 2318 egerit
482 2273 554 2308 dux
570 2275 808 2317 Summerseti‚
830 2276 992 2310 exsistens
1008 2276 1241 2322 Rothomagi‚
1260 2274 1377 2309 audita
1391 2283 1422 2308 et
1441 2283 1603 2321 percepta

602 2338 762 2381 captione
778 2336 1042 2370 Pontis-Archa:
1060 2349 1080 2370 a
1095 2336 1248 2370 Francis.

291 2453 434 2515 Cujus
450 2453 728 2516 perditionis
754 2471 863 2500 cum
882 2454 940 2500 ab
956 2455 1030 2500 his
1049 2456 1128 2518 qui
1147 2454 1256 2500 inde
1282 2453 1628 2516 Rothomagum

223 2525 554 2587 aufugiebant,
585 2527 708 2572 illico
739 2529 972 2574 nuntiatio
1007 2529 1067 2574 ad
1092 2527 1263 2574 ducem
1292 2528 1624 2586 Summerseti,

224 2610 459 2647 rectorem
484 2602 765 2664 provinciae,
792 2603 1080 2666 pervenisset
1120 2604 1256 2665 (nam
1292 2611 1398 2648 ante
1423 2602 1626 2648 duarum

278 2754 316 2791 1.
355 2753 521 2790 William
542 2754 681 2800 Nevill‚
698 2754 780 2791 lord
800 2754 1088 2807 Falconbridge,
1105 2756 1189 2805 plus
1208 2755 1290 2793 tard
1310 2763 1432 2793 comte
1449 2755 1496 2792 de
1510 2757 1625 2794 Kent,

276 2822 311 2857 2.
342 2823 394 2856 Le
416 2823 463 2856 15
488 2821 575 2858 mai.
