2037 3442
447 318 495 351 66
826 310 1162 347 HIS'E'ORIARUM
1189 308 1368 343 CAROLI
1398 309 1466 342 VII

510 398 572 439 Ex
593 409 688 456 quo
713 402 758 437 et
781 392 853 435 his
876 390 956 451 qui
979 390 1025 432 in
1053 386 1299 432 obsidione
1323 396 1453 431 erant
1477 386 1660 444 solatia,
1689 387 1842 432 obses-

441 475 501 519 sis
523 490 635 518 vero
661 473 814 517 luctus
843 469 1070 532 plurimus
1100 477 1145 512 et
1176 466 1391 512 moestitia
1420 481 1718 528 promovere.
1749 467 1839 511 Sed

439 548 746 594 nihilominus
769 562 899 608 spem
919 544 1065 589 divini
1089 543 1243 588 auxilii
1270 542 1462 588 minime
1481 542 1768 603 abjicientes,
1796 553 1841 588 et

438 628 486 671 in
518 625 658 671 rebus
685 623 866 669 afflictis
887 621 1066 667 fortiter
1096 630 1142 665 et
1165 628 1435 665 constanter
1456 619 1702 665 conatibus
1726 619 1841 665 hos-

437 703 553 747 tium
594 700 902 754 reluctantes,
940 696 1100 742 divina
1144 695 1210 741 eis
1247 711 1344 740 non
1384 694 1600 741 defutura
1630 694 1839 741 remedia

437 777 744 842 praesidiaque
787 772 1121 829 considebant,
1174 788 1282 817 cum
1301 807 1312 829 ,
1367 781 1418 816 ut
1472 772 1588 816 sacri
1627 772 1838 818 Davidici

434 853 598 916 hymni
622 853 898 910 concinunt,
939 849 1156 895 divinitas
1190 848 1394 910 adjutrix
1423 864 1608 911 semper
1639 865 1736 893 esse
1768 865 1837 894 so-

431 930 523 977 leat
560 933 605 976 in
641 927 1073 994 opportunitatibus
1098 962 1109 983 ,
1144 926 1192 971 in
1239 925 1540 971 tribulatione
1591 935 1635 971 et
1679 936 1837 989 prote-

431 1011 586 1056 ctione
606 1010 895 1074 sperantium
916 1010 964 1053 in
989 1024 1053 1053 se.
1082 1009 1196 1062 Quae
1212 1007 1376 1068 utique
1398 1022 1502 1068 spes
1526 1014 1664 1068 atque
1687 1005 1835 1051 confi-

431 1087 616 1145 dentia,
646 1103 789 1150 quain
822 1086 868 1131 in
899 1085 1060 1130 divina
1089 1084 1258 1146 pietate
1281 1091 1615 1145 reposuerant,
1643 1082 1707 1127 eis
1738 1098 1834 1126 non

430 1164 530 1210 sine
555 1164 705 1209 fructu
731 1172 812 1208 aut
832 1162 959 1207 irrita
985 1170 1064 1206 aut
1093 1174 1238 1205 vacua
1260 1157 1369 1215 fuit,
1393 1175 1481 1204 nec
1509 1158 1707 1204 fraudati
1726 1168 1835 1204 sunt

429 1255 456 1285 a
482 1239 659 1284 desidet
673 1240 719 1284 io
747 1254 858 1295 suo3
894 1235 1095 1281 mirabili
1119 1235 1245 1281 enim
1275 1234 1420 1279 modo
1444 1244 1489 1280 et
1517 1234 1674 1280 multis
1704 1235 1834 1279 inau-

428 1315 528 1362 dito
556 1316 734 1363 saeculis
758 1314 1005 1361 clementia
1027 1314 1112 1359 Dei
1139 1329 1192 1358 ac
1215 1312 1401 1357 bonitas
1422 1311 1645 1369 obsessis,
1678 1321 1723 1356 et
1750 1327 1833 1374 per

426 1391 519 1437 hoc
560 1393 700 1439 etiam
745 1392 967 1438 omnibus
1008 1390 1225 1447 Francis,
1273 1389 1434 1435 solatia
1478 1398 1616 1452 atque
1662 1388 1831 1455 auxilia

426 1470 644 1516 contulit.

896 1638 1240 1682 CAPITULUM
1276 1639 1353 1681 IX.

560 1761 611 1794 De
626 1762 646 1794 J
650 1773 764 1795 canna
779 1762 897 1796 Puella
918 1776 925 1803 3
945 1762 1093 1806 qualiter
1108 1761 1152 1795 ad
1169 1762 1383 1796 Francorum
1400 1776 1515 1809 regem
1533 1763 1685 1797 accessit.

487 1870 591 1916 Fuit
615 1871 739 1916 enim
766 1871 839 1916 his
872 1869 1035 1916 diebus
1066 1870 1220 1934 puella
1256 1871 1494 1934 quaedam,
1527 1876 1706 1918 Joanna
1737 1888 1824 1917 no-

422 1947 572 2005 mine,
598 1948 791 1993 vixdum
814 1946 987 2010 pubes,
1013 1947 1145 2008 virgo
1169 1947 1361 2010 quidem
1380 1984 1391 2006 ,
1429 1957 1479 1993 ut
1515 1948 1574 1994 ab
1605 1949 1825 1994 omnibus

421 2026 645 2072 aestimata
670 2025 779 2082 fuit,
808 2036 910 2071 orta
932 2025 978 2070 in
1002 2024 1174 2070 finibus
1197 2027 1460 2088 Campanioe
1484 2036 1529 2071 et
1561 2036 1690 2073 terrae
1715 2031 1824 2072 Bar-

422 2104 568 2148 rensis
586 2140 597 2162 ‚
635 2102 693 2148 de
722 2102 832 2148 villa
864 2102 940 2148 cui
971 2119 1147 2147 nomen
1176 2102 1505 2148 Vaaeoaleurk
1545 2106 1687 2160 Quae,
1716 2120 1824 2149 cum

421 2195 606 2241 gregem
623 2180 767 2243 patris
791 2179 860 2224 sui
886 2188 1109 2242 pasceret,
1131 2188 1176 2224 et
1197 2178 1507 2224 nihilominus
1530 2179 1578 2224 in
1599 2180 1824 2242 religione

421 2256 592 2301 Christi
626 2257 877 2315 instructa,
912 2256 1194 2318 singularem
1219 2255 1483 2301 devotionis
1506 2256 1737 2302 servorem
1763 2257 1823 2302 ad

421 2332 656 2379 Christum
686 2343 731 2379 et
764 2333 1015 2395 gloriosam
1047 2332 1146 2394 ejus
1172 2332 1471 2394 genitricem,
1508 2334 1647 2379 simul
1684 2335 1823 2380 etiam

420 2420 601 2456 sanctas
621 2411 821 2472 virgines
840 2409 1157 2468 Catharinam,
1185 2411 1510 2472 Margaretain,
1532 2414 1757 2472 Agnetem
1779 2420 1823 2457 et

421 2487 672 2533 nonnullas
704 2488 814 2533 alias
843 2497 1048 2550 gereret,
1087 2487 1296 2549 quodam
1329 2487 1405 2532 die
1430 2488 1612 2534 divinas
1644 2489 1820 2535 revela-

419 2564 570 2608 tiones
588 2581 634 2609 se
651 2564 870 2610 habuisse
894 2572 1162 2609 constanter
1181 2563 1459 2623 affirmabat,
1486 2564 1686 2628 sibique,
1706 2565 1819 2610 dum

474 2699 511 2732 ⁴1.
535 2696 806 2734 Inadvertance
826 2697 872 2734 de
890 2697 1069 2744 Pauteur,
1091 2698 1156 2748 qui
1171 2699 1271 2737 avait
1288 2707 1371 2737 tous
1388 2699 1442 2737 les
1461 2713 1619 2749 moyens
1636 2701 1682 2738 de
1695 2700 1820 2738 savoir

421 2754 559 2805 qu’elle
582 2755 670 2791 e'tait
685 2755 756 2792 nee
776 2758 796 2792 {1
815 2756 1052 2805 Dompremi.
