2037 3442
741 338 881 373 LIBER
910 335 1147 382 QUARTUS.
1573 332 1647 365 237

260 434 350 480 que
373 420 452 481 qui
478 436 642 483 prope,
666 419 725 464 ad
748 435 824 464 eas
845 418 1075 475 tutandas,
1094 415 1357 462 adstabant.
1378 413 1515 470 Quod
1540 430 1647 457 cum

260 495 341 541 alac
385 500 669 541 Francorum
704 497 913 558 equitum
951 495 1318 558 prospexissent,
1357 490 1649 536 velocissimo

260 588 395 616 cursu
415 572 714 626 advolantes,
739 588 902 616 omnes
928 574 1052 632 ipsos
1071 570 1284 629 Anglicos
1298 574 1650 630 prostraverunt

261 656 305 691 et
325 648 669 709 jugulaverunt.
699 650 804 702 Quo
827 646 1029 690 exterriti
1049 644 1349 689 vehementer
1368 643 1546 700 caeteri,
1570 640 1651 703 qui

260 722 307 766 in
333 724 493 769 castris
523 732 811 778 manserant,
842 731 884 766 et
909 720 1181 781 hujusmodi
1207 722 1494 763 Francorum
1523 717 1653 779 equi—

262 807 360 843 tum
386 809 645 844 metuentes
670 800 895 860 impetum
922 798 1069 858 (erant
1098 795 1220 839 enim
1249 794 1331 856 ipsi
1363 794 1538 854 Anglici
1561 809 1654 838 ma-

256 874 348 935 jori
374 892 427 920 ex
454 886 582 938 parte
603 875 884 939 pedestres),
913 889 1010 918 sese
1043 872 1100 917 de
1134 871 1294 916 castris
1322 869 1561 932 prioribus
1594 869 1653 914 ad

261 954 511 1014 quemdam
537 954 803 1016 proximum
827 952 1006 1007 locum,
1039 965 1180 1010 quem
1205 947 1292 992 sibi
1324 947 1544 991 tutiorem
1571 964 1655 1009 pu-

263 1028 445 1087 tabant,
474 1029 532 1075 ad
563 1029 807 1075 vitandum
835 1029 1062 1090 impetum
1091 1028 1379 1069 Francorum
1415 1023 1650 1084 equitum,

261 1125 309 1154 se
333 1120 639 1156 retraxerunt.
669 1109 809 1166 Quod
833 1107 995 1152 Franci
1012 1105 1338 1168 inspicientes,
1362 1113 1407 1148 et
1430 1120 1483 1148 ex
1503 1103 1653 1166 prima

262 1186 455 1231 victoria
498 1186 733 1249 sequentis
778 1184 981 1247 auspicia
1020 1182 1168 1227 felicia
1201 1190 1516 1239 assumentes,
1556 1197 1652 1226 non

261 1261 382 1322 passi
418 1262 610 1307 eosdem
638 1262 819 1307 animos
851 1260 1063 1321 viresque
1094 1273 1357 1313 resumere,
1396 1256 1494 1301 sine
1524 1272 1656 1302 mora

259 1352 339 1380 eos
363 1339 561 1398 aggressi
581 1348 703 1383 sunt.
731 1341 875 1382 Porro
893 1353 1002 1382 cum
1016 1334 1298 1380 defendendi
1316 1333 1656 1395 resistendique

260 1415 445 1459 Francis
479 1415 565 1478 ipsi
601 1415 731 1477 Angli
765 1415 894 1476 signa
927 1412 1300 1474 nonnullamque
1335 1411 1656 1474 apparentiam

260 1489 504 1551 paululum
530 1492 721 1551 darent,
748 1500 939 1553 repente
974 1499 1130 1534 tamen
1168 1498 1273 1551 post
1309 1503 1651 1549 aggressuram,

260 1581 424 1611 eorum
458 1569 553 1612 vim
589 1577 728 1630 atque
764 1568 994 1630 impetum
1028 1565 1220 1611 minime
1258 1564 1376 1609 ferre
1417 1565 1651 1623 valentes,

260 1652 385 1704 terga
407 1644 619 1690 hostibus
644 1645 914 1690 dederunt¹.

323 1720 414 1766 Sed
447 1731 492 1766 et
522 1721 569 1765 in
604 1722 852 1784 procinctu
884 1719 993 1765 belli
1024 1718 1160 1764 valde
1196 1717 1418 1764 exterruit
1451 1717 1651 1779 Anglos,

259 1796 419 1859 eisque
440 1798 622 1842 animos
637 1814 828 1860 prorsus
846 1796 1031 1842 abstulit
1052 1833 1062 1853 ,
1087 1795 1149 1840 ita
1173 1804 1223 1839 ut
1247 1811 1342 1839 non
1371 1793 1458 1839 nisi
1477 1794 1523 1838 in
1550 1794 1655 1855 fuga

260 1890 391 1937 spem
426 1873 513 1919 sibi
553 1873 763 1919 relictam
796 1874 1159 1930 arbitrarentur,
1202 1871 1432 1916 adventus
1471 1871 1652 1929 Arturi,

260 1951 441 1996 comitis
459 1950 831 2009 Richemundiae,
857 1949 1187 1996 constabularii
1203 1948 1433 2006 Franciae3
1455 1949 1535 2009 qui
1549 1957 1657 2011 post

262 2037 463 2072 mortem
486 2026 735 2073 amborum
763 2028 956 2073 fratrum
978 2027 1075 2071 sine
1098 2024 1284 2081 liberis,
1312 2025 1543 2069 Francisci
1567 2025 1657 2069 sci-

261 2102 367 2147 licet
390 2113 435 2148 et
460 2104 608 2162 Petri,
636 2114 680 2150 et
707 2106 803 2168 ipse
828 2103 1131 2168 postmodum
1160 2102 1254 2148 dux
1279 2102 1521 2147 Britonum
1550 2102 1653 2146 fuit.

263 2181 538 2242 Supervenit
559 2182 683 2226 enim
708 2183 822 2227 dum
840 2183 936 2244 jam
955 2181 1171 2245 proelium
1192 2179 1464 2225 inchoatum
1489 2189 1532 2224 et
1557 2195 1656 2225 ma-

264 2272 352 2316 gna
368 2272 422 2300 ex
440 2266 570 2319 parte
587 2258 1001 2319 confectutnesset,
1017 2274 1069 2302 ex
1086 2255 1296 2320 partibus
1310 2254 1653 2311 Sancti-Laudi,

263 2331 445 2376 circiter
480 2350 588 2378 cum
624 2336 843 2380 trecentis
877 2335 1064 2380 lanceis.
1114 2333 1256 2394 Cujus
1297 2331 1553 2377 adventum
1590 2331 1658 2376 in—

265 2417 443 2453 tuentes
480 2410 684 2472 Anglici,
722 2412 916 2456 omnino
944 2409 1230 2456 consternati
1267 2417 1374 2453 sunt
1405 2408 1657 2470 animoque

263 2485 447 2530 defecti.
478 2487 611 2533 [nde
643 2505 697 2533 ex
723 2489 861 2551 ipsis,
889 2489 969 2550 qui
1004 2487 1109 2546 suga
1138 2485 1259 2530 elabi
1283 2494 1571 2548 potuerunt,
1610 2494 1659 2529 ut

262 2562 502 2609 Mattbaeus
526 2566 644 2624 G02,
671 2565 940 2628 capitaneus
963 2573 1076 2609 tunc
1108 2562 1284 2607 Baiocis
1303 2598 1314 2619 ,
1355 2570 1399 2607 et
1437 2560 1658 2606 dominus

316 2761 352 2797 ’1.
384 2761 435 2797 15
456 2759 549 2797 avril
572 2760 687 2797 1450.

315 2822 353 2856 2.
386 2820 531 2870 Appele
553 2819 646 2857 dans
666 2820 718 2857 les
739 2819 843 2857 titres
862 2818 1006 2871 anglais
1025 2817 1150 2856 Mathe
1170 2816 1318 2869 Goghe.
