2142 3473
681 297 826 335 LIBER
853 299 1050 337 PRIMUS.
1511 297 1529 332 1
1540 299 1560 332 7

160 377 303 435 tium,
340 377 411 424 vel
449 377 560 424 inde
597 379 1019 438 transfretantium,
1058 379 1212 426 salvus
1249 378 1326 424 vix
1361 377 1560 425 evadere

160 463 368 516 poterat,
394 455 509 517 quin
535 471 560 500 a
582 455 813 518 praedictis
838 457 999 519 piratis
1023 465 1285 520 caperetur.
1317 454 1452 501 Unde
1475 471 1561 520 op-

160 531 326 594 pidum
346 531 461 578 illud
486 533 794 593 Hareflotum,
821 535 951 598 quod
977 544 1045 581 est
1076 535 1215 580 situm
1240 533 1300 580 ad
1327 532 1561 580 orificium

160 615 403 677 Sequanae,
430 632 581 678 prope
609 615 688 661 ubi
715 616 841 662 idem
866 617 1036 662 fluvius
1060 617 1107 662 in
1130 632 1258 661 mare
1280 615 1450 675 influit,
1476 615 1562 661 hu-

155 692 420 754 juscemodi
444 693 617 756 rapinis
641 703 686 739 et
709 694 894 756 spoliis,
922 703 1022 739 tum
1049 692 1307 756 Anglorum
1336 694 1556 752 maxime,

162 777 263 814 tum
289 769 430 814 etiam
462 769 661 814 aliorum
692 785 1102 832 quorumcumque
1142 767 1201 814 ad
1236 783 1356 830 quos
1394 784 1562 815 manus

162 846 346 891 mittere
369 845 513 891 iidem
533 846 691 909 pirata}
714 846 1001 908 potuissent,
1030 844 1309 908 opulentum
1330 844 1467 890 valde
1490 845 1561 890 ef-

162 922 336 968 fectum
369 932 490 980 erat,
520 923 557 968 si
586 933 742 969 tamen
778 932 903 968 recte
937 922 1177 986 opulentia
1200 921 1291 967 dici
1324 930 1480 984 potest
1505 938 1559 968 ex

165 998 334 1044 talibus
358 999 534 1062 rapinis
553 999 835 1062 conquisita.

231 1079 335 1121 Haec
363 1092 475 1137 ergo
506 1076 673 1138 injuria
708 1085 859 1120 totum
884 1074 1001 1120 illud
1035 1091 1234 1136 regnum
1266 1083 1312 1119 et
1345 1074 1560 1119 omnium

162 1152 423 1197 incolarum
438 1152 535 1213 ejus
551 1153 733 1197 animos
751 1152 950 1197 maxime
973 1151 1189 1197 accendit
1213 1160 1354 1214 atque
1376 1150 1562 1214 impulit

162 1238 234 1286 ut,
262 1244 360 1274 sese
383 1227 553 1274 talibus
578 1228 795 1292 periculis
818 1227 1161 1286 subducentes,
1189 1244 1353 1292 poenas
1377 1244 1467 1291 pro
1491 1237 1562 1274 ta-

160 1304 282 1350 libus
318 1304 503 1351 damnis
541 1315 680 1368 atque
726 1305 904 1368 inJuriis
951 1314 1281 1368 reposcerent,
1319 1314 1562 1368 terrasque

160 1382 477 1439 Normanniae,
505 1399 530 1428 a
559 1382 728 1445 quibus
758 1383 821 1428 ita
847 1382 1048 1443 graviter
1070 1382 1427 1446 premebantur,
1456 1399 1562 1429 suas

160 1458 302 1504 ulturi
318 1459 509 1521 injurias
522 1496 532 1516 ,
549 1458 934 1522 aggrederentur.
952 1459 1044 1505 Sed
1062 1469 1108 1505 et
1128 1459 1188 1505 ad
1212 1459 1260 1505 id
1282 1459 1560 1506 audendum

159 1536 300 1582 etiam
330 1538 511 1584 invitati
538 1555 564 1584 a
589 1536 947 1600 quamplurimis
977 1547 1265 1597 asseruntur,
1305 1553 1331 1583 a
1369 1537 1562 1601 praefato

158 1616 362 1673 Joanne,
387 1614 781 1675 Burgundionum
805 1613 948 1673 duce,
976 1614 1082 1676 qui,
1115 1630 1223 1659 cum
1249 1623 1445 1677 propter
1477 1631 1563 1660 ne-

158 1705 263 1735 cem
285 1689 417 1736 ducis
442 1690 849 1736 Aurelianensium
873 1699 919 1735 et
947 1689 1077 1750 aliaS,
1103 1706 1219 1752 quas
1245 1706 1387 1754 supra
1411 1691 1564 1736 retuli-

159 1783 279 1826 mus,
309 1783 488 1827 causas,
516 1784 681 1813 omnes
703 1783 834 1830 paene
857 1767 988 1829 regni
1013 1767 1250 1831 principes
1276 1777 1322 1813 et
1345 1783 1563 1831 proceres

158 1844 218 1890 ad
250 1861 299 1891 se
330 1845 742 1891 exterminandum
779 1844 1038 1890 concitatos
1075 1843 1280 1903 videret,
1320 1860 1409 1890 nec
1435 1845 1563 1890 solus

160 1921 290 1968 facile
318 1933 486 1969 contra
518 1932 694 1969 tantam
727 1921 986 1985 potentiam
1017 1937 1065 1967 se
1100 1937 1154 1967 ac
1186 1930 1333 1967 terras
1358 1938 1465 1968 suas
1488 1931 1563 1967 tu-

161 1999 245 2043 tari
289 2001 542 2063 potuisset,
583 1999 748 2045 solatia
782 1998 841 2044 ab
878 1997 1078 2060 Anglicis
1120 1997 1231 2061 ipsis
1276 2014 1532 2062 exposcens
1549 2037 1559 2056 ,

159 2074 337 2121 eisdem
360 2077 455 2121 suis
472 2075 691 2139 potiundi
708 2074 950 2121 desideriis
968 2090 1187 2136 magnam
1209 2073 1433 2121 fiduciam
1450 2091 1566 2121 con-

159 2151 289 2211 tulit;
326 2169 436 2199 cum
460 2154 601 2199 etiam
625 2153 770 2216 ipsius
794 2151 1002 2215 potentia
1027 2161 1072 2198 et
1100 2151 1303 2210 viribus,
1333 2153 1415 2216 qui
1440 2170 1562 2199 unus

158 2244 213 2273 ex
244 2229 385 2274 totius
411 2230 542 2292 regni
574 2228 865 2293 principibus
891 2228 1041 2290 major
1069 2244 1124 2274 ac
1151 2230 1393 2292 potentior
1428 2229 1562 2275 vide-

157 2303 313 2363 batur,
335 2321 501 2351 eorum
522 2306 733 2369 potentia
753 2305 955 2351 maxime
977 2316 1227 2367 augeretur
1247 2315 1558 2352 etcresceret.

224 2381 464 2444 Regnabat
487 2392 600 2428 tunc
629 2382 676 2427 in
703 2382 865 2443 Anglia
892 2382 1121 2428 Henricus
1149 2383 1472 2441 Lancastriae¹,
1502 2384 1562 2430 ad

157 2475 324 2521 quem,
350 2460 577 2505 exstincto
606 2475 713 2521 rege
740 2458 967 2517 Ricardo,
998 2459 1141 2504 totius
1178 2459 1310 2521 regni
1343 2459 1563 2506 modera—

158 2535 222 2581 tio
249 2552 304 2582 ex
332 2546 528 2600 paterna
556 2536 851 2582 successione
886 2534 1107 2581 devoluta
1142 2544 1256 2581 erat.
1298 2538 1453 2592 Quam
1486 2537 1562 2582 Ri-

210 2712 245 2749 1.
279 2711 398 2748 Henri
417 2713 463 2756 V,
484 2711 541 2748 roi
565 2722 632 2761 par
650 2709 899 2761 l'usurpation
912 2722 987 2759 que
1000 2721 1069 2746 son
1088 2709 1179 2760 pere
1199 2707 1300 2746 avait
1319 2711 1561 2748 consommee

157 2784 221 2808 sur
239 2770 404 2809 Richard
422 2773 473 2808 II.

263 2851 276 2873 1
1329 2836 1351 2870 2
