2037 3442
337 254 412 289 222
719 249 1056 286 HISTORIARUM
1084 248 1262 284 CAROLI
1290 249 1358 283 VII

338 331 476 388 Quod
501 339 686 374 strenue
713 338 757 373 ct
781 329 992 373 alacriter
1016 344 1273 389 exsequens
1288 364 1299 384 ‚
1329 336 1375 371 et
1396 330 1736 375 Normanniam

338 406 608 453 inferiorem
645 405 905 464 ingressus,
943 401 1121 466 absque
1150 402 1245 449 ulla
1287 402 1548 448 resistentia
1580 404 1739 448 civita-

340 493 434 528 tem
448 480 875 537 Constantiensem,
895 489 1099 525 castrum
1116 480 1253 525 Viriae
1266 482 1294 538 ¹,
1316 478 1548 543 oppidum
1564 480 1741 524 Sancti-

340 557 505 616 Laudi,
529 557 867 602 Carentonium
887 566 933 602 et
956 556 1217 613 Valonias2,
1240 556 1518 619 Milley.um³,
1540 565 1743 602 castrum

341 635 551 699 episcopi
586 634 877 694 BaiocensiS,
912 634 1153 697 multaque
1193 634 1282 680 alia
1316 633 1502 680 castella
1536 636 1584 678 in
1619 636 1743 678 Con-

343 711 584 759 stantiensi
624 711 885 769 territori0‚
934 711 1054 774 regis
1093 711 1317 769 nomine,
1363 711 1412 755 in
1453 710 1745 756 deditionem

345 791 526 855 accepit
543 791 571 835 ⁰.
600 792 713 846 Quae
736 806 810 835 res
842 789 1056 851 Anglicos
1082 789 1338 853 plurimum
1363 788 1584 834 exterruit
1608 796 1747 849 atque

345 884 512 914 eorum
529 867 714 913 animos
738 865 932 928 dejecit,
954 882 1063 911 cum
1081 883 1134 912 ex
1158 866 1290 912 omni
1305 875 1437 929 parte
1459 875 1554 911 tam
1570 864 1749 925 magnis

347 945 495 1008 copiis
519 953 565 990 et
588 942 865 990 exercitibus
887 942 1102 989 viderent
1135 960 1184 990 se
1219 958 1459 1006 aggressos
1479 961 1490 1001 ;
1514 941 1578 987 ita
1601 950 1651 986 ut
1676 940 1752 986 cui

348 1022 468 1086 parti
504 1021 708 1067 tutanda}
741 1021 900 1085 potius
937 1020 1291 1079 incumberent,
1333 1036 1420 1065 nec
1462 1016 1754 1065 deliberandi

350 1099 544 1162 quidem
567 1098 631 1144 eis
651 1098 856 1162 spatium
880 1097 1184 1162 praeberetur.

417 1176 488 1222 Ad
523 1192 682 1237 regem
710 1185 894 1232 autem,
932 1176 1041 1237 qui,
1080 1185 1130 1220 ut
1151 1175 1375 1235 diximus,
1403 1173 1530 1238 apud
1555 1176 1755 1219 Locum-

353 1254 473 1300 veris
497 1252 809 1312 consistebat,
846 1252 1065 1298 nonnulli
1098 1269 1153 1298 ex
1189 1251 1368 1298 civibus
1400 1250 1756 1312 Rothomagen-

355 1331 509 1390 sibus,
538 1331 619 1393 qui
646 1330 893 1376 furtim-ex
927 1331 1112 1377 civitate
1146 1330 1205 1377 ad
1235 1331 1396 1376 locum
1429 1329 1585 1393 ipsum
1618 1344 1758 1374 vene-

357 1418 489 1468 rant,
533 1407 749 1453 clanculo
791 1416 1102 1453 accesserunt.
1152 1407 1245 1463 Qui
1293 1407 1544 1452 factionem
1582 1421 1761 1466 magnae

357 1487 528 1532 civium
554 1485 674 1549 parti
705 1484 1011 1544 nuntiabant,
1052 1500 1259 1546 quorum
1294 1500 1428 1529 mens
1462 1492 1583 1541 erat,
1622 1491 1697 1540 ut,
1725 1481 1762 1527 si

359 1575 509 1622 prope
539 1558 713 1604 moenia
743 1557 874 1603 urbis
903 1574 983 1604 rex
1007 1574 1144 1604 suum
1173 1557 1447 1604 admoveret
1479 1555 1758 1615 exercitum,

361 1647 405 1683 et
437 1635 738 1700 expugnandi
776 1635 918 1681 veluti
949 1636 1205 1699 quamdam
1236 1633 1590 1681 similitudinem
1613 1633 1764 1679 facere

362 1713 709 1776 aggrederetur,
736 1712 867 1775 quod
892 1713 1011 1775 regis
1042 1713 1211 1759 milites
1240 1712 1366 1757 ultro
1401 1711 1766 1756 intromitterent

365 1796 435 1845 et,
464 1785 596 1848 quasi
631 1784 884 1831 defendere
907 1785 1082 1830 moenia
1106 1784 1377 1831 simulantes
1410 1799 1515 1842 sua,
1544 1799 1624 1829 eos
1647 1782 1767 1827 intra

367 1861 655 1925 reciperent,
681 1861 840 1924 eisque
875 1862 1089 1924 pervium
1128 1862 1216 1907 iter
1249 1861 1479 1918 facerent3
1513 1858 1768 1922 rogabant-

368 1956 458 2003 que
484 1955 642 2001 regem
676 1947 729 1984 ut
751 1939 814 1984 ita
835 1938 983 1984 facere
1011 1948 1152 2001 atque
1183 1937 1403 2001 expedire
1437 1936 1575 1982 vellet
1592 1971 1604 1992 ‚
1637 1934 1770 1997 polli-

370 2026 525 2062 centes
564 2032 613 2061 se
646 2014 863 2075 fideliter,
898 2015 947 2061 id
981 2015 1111 2078 quod
1144 2014 1447 2073 nuntiabant,
1474 2011 1767 2076 impleturos.

374 2097 465 2139 Rex
503 2108 642 2152 vero,
679 2092 788 2138 licet
821 2109 918 2138 non
954 2092 1156 2138 multum
1191 2091 1301 2137 fidei
1336 2107 1501 2137 eorum
1533 2089 1773 2153 promissis

372 2172 527 2230 daret,
561 2169 642 2216 sed
672 2169 808 2216 dolos
833 2187 1018 2233 semper
1041 2178 1181 2232 atque
1213 2168 1429 2225 insidias,
1467 2183 1569 2231 quae
1602 2168 1650 2212 in
1683 2166 1774 2212 hu-

368 2248 632 2311 juscemodi
670 2247 950 2295 factionibus
985 2248 1273 2312 frequentius
1308 2247 1439 2294 tendi
1467 2247 1648 2306 solent,
1677 2262 1776 2292 sus-

431 2435 468 2474 i.
499 2435 554 2472 La
573 2434 644 2472 cite
665 2432 712 2472 de
726 2435 936 2472 Coutances
952 2442 990 2472 et
1005 2433 1040 2471 le
1060 2433 1221 2472 chateau
1241 2433 1288 2471 de
1307 2431 1409 2472 Vire.

432 2497 469 2532 2.
498 2494 690 2546 Saint-Lc),
711 2497 898 2533 Carentan
918 2503 955 2532 et
968 2494 1172 2546 Valognes.

435 2556 470 2589 3.
503 2554 625 2603 Milly.

434 2616 472 2648 4.
502 2616 639 2650 Toutes
670 2627 731 2651 ces
769 2615 974 2664 conquetes
1007 2621 1092 2651 sont
1122 2612 1174 2650 du
1204 2618 1531 2650 commencement
1559 2609 1607 2647 de
1638 2609 1784 2647 l’annee

384 2671 508 2716 14:;0;
534 2671 786 2719 posterieures
809 2686 879 2722 par
899 2671 1135 2721 consequent
1154 2673 1174 2709 ἐι
1192 2671 1229 2708 la
1253 2670 1442 2709 reddition
1468 2669 1516 2706 de
1536 2671 1669 2706 Rouen
1722 2679 1784 2704 ra-

384 2728 516 2764 contee
540 2728 631 2764 dans
652 2729 685 2765 le
703 2730 872 2779 chapitre
892 2731 957 2780 qui
977 2730 1065 2769 suit.
