2037 3442
432 331 505 371 234
813 341 1148 378 HISTORIARUM
1177 341 1355 376 CAROLI
1382 344 1411 375 V
1415 344 1449 377 ΙΙ

859 529 1192 574 CAPITULUM
1226 532 1386 575 XXIII.

525 653 577 686 De
593 653 698 687 classe
715 662 846 688 armata
859 656 1053 701 Anglorum
1068 656 1167 690 missa
1184 656 1228 690 ad
1245 655 1482 690 defensionem
1497 657 1732 691 Noruianniae.

498 774 618 818 Cum
648 783 805 819 autem
838 784 1020 838 tempus
1060 776 1178 821 veris
1210 786 1328 821 esset
1371 785 1416 821 et
1448 776 1545 838 jam
1578 777 1822 822 maritimis

434 849 808 912 navigationibus
846 851 1235 909 accommodum,
1271 862 1509 916 sperantes
1541 852 1699 914 Angli,
1725 869 1822 898 non

435 925 580 971 modo
613 942 716 988 quae
744 927 898 972 adhuc
931 927 1195 973 retinebant
1227 928 1274 972 in
1299 929 1588 974 Normannia
1611 944 1820 986 servare,

433 1002 516 1048 sed
542 1003 682 1048 etiam
711 1005 879 1049 amissa
908 1020 1044 1067 posse
1074 1021 1375 1067 recuperare,
1403 1005 1628 1050 instructa
1656 1004 1820 1063 classe,

433 1096 542 1125 cum
578 1097 656 1126 sex
678 1079 751 1125 vel
786 1090 964 1144 septem
1000 1080 1203 1127 millibus
1234 1091 1522 1127 armatorum
1552 1082 1823 1127 transmisso

433 1158 576 1216 freto,
627 1158 686 1203 ad
722 1159 1133 1221 Caesaris-Burgum
1176 1159 1519 1222 applicuerunt.
1559 1161 1665 1214 Quo
1715 1175 1822 1204 cum

432 1235 743 1298 appulissent,
787 1235 942 1280 statim
974 1245 1176 1280 castrum
1224 1235 1568 1292 Valloniarum‚
1604 1245 1650 1280 et
1690 1235 1825 1298 plura

431 1311 519 1357 alia
538 1311 726 1358 castella
740 1312 1005 1357 exsistentia
1022 1313 1068 1356 in
1084 1311 1242 1357 clauso
1262 1312 1679 1368 Constantinensi¹7
1695 1311 1823 1357 nulla

431 1405 580 1452 prope
603 1389 667 1433 eis
691 1390 809 1435 facta
842 1389 1139 1447 resistentia²‚
1168 1398 1470 1451 receperunt3
1503 1389 1567 1434 ita
1592 1387 1721 1450 quod
1749 1398 1824 1433 to-

431 1475 531 1510 tum
556 1465 672 1512 illud
694 1465 989 1511 Constantini
1008 1465 1219 1511 clausum
1236 1500 1247 1522 ⁷
1274 1464 1484 1528 locuples
1503 1464 1694 1528 quidem
1712 1475 1824 1511 tunc

430 1551 475 1587 et
499 1542 801 1605 opulentum,
828 1541 915 1588 sub
939 1557 1020 1588 sua
1043 1541 1221 1587 ditione
1252 1541 1490 1587 tenebant.
1526 1544 1644 1587 Cum
1668 1550 1822 1587 autem

430 1618 477 1663 in
521 1618 691 1664 eodem
727 1618 885 1665 clauso
925 1634 1025 1664 sese
1067 1617 1233 1664 diebus
1270 1618 1427 1664 multis
1459 1617 1818 1674 refocillassent‚

430 1695 647 1758 auctique
669 1706 823 1741 essent
846 1712 944 1741 non
968 1711 1114 1759 parvo
1138 1711 1338 1741 numero
1373 1711 1426 1741 ex
1455 1695 1707 1754 veteranis,
1742 1695 1822 1756 qui

429 1771 487 1816 de
512 1772 691 1818 Baiocis
713 1782 759 1818 et
772 1772 982 1819 Cadomo
997 1771 1057 1818 ad
1074 1788 1154 1818 eos
1173 1781 1463 1818 accesserant
1479 1807 1490 1829 ‚
1517 1772 1604 1817 iter
1621 1771 1821 1834 aggressi

430 1858 538 1894 sunt
572 1859 621 1894 ut
646 1849 833 1895 Baiocas
856 1849 1125 1908 tenderent,
1153 1859 1198 1894 et
1220 1848 1339 1906 illio,
1365 1849 1540 1894 caeteris
1564 1848 1821 1909 Anglorum

429 1926 603 1989 copiis,
631 1942 734 1988 quae
761 1925 809 1970 in
844 1925 979 1971 dictis
1005 1925 1191 1990 oppidis
1222 1935 1361 1988 atque
1390 1926 1437 1970 in
1462 1924 1636 1970 Falesia
1659 1935 1818 1984 erant,

429 2016 528 2045 sese
553 2001 924 2062 conjungerent,
952 2002 1255 2059 aestimantes,
1283 2001 1319 2046 si
1343 2017 1390 2046 se
1414 2001 1460 2045 in
1486 2016 1653 2062 agmen
1681 2009 1821 2062 atque

429 2077 683 2123 exercitum
711 2094 860 2123 unum
880 2094 1045 2141 cogere
1068 2088 1286 2140 possent,
1311 2078 1418 2123 satis
1440 2077 1610 2122 virium
1632 2076 1821 2122 habitu-

428 2170 505 2199 ros
528 2153 584 2199 ad
613 2155 977 2217 expugnandum
1002 2172 1056 2201 ac
1079 2154 1415 2200 debellandum
1438 2163 1584 2199 totam
1608 2153 1819 2199 militiam

427 2231 547 2293 regis
570 2234 878 2277 Francorum.
899 2236 952 2278 Et
969 2232 1159 2295 quidem
1174 2268 1185 2290 ⁷
1211 2232 1247 2276 si
1271 2231 1318 2276 id
1333 2230 1517 2277 efficere
1531 2231 1816 2294 potuissent,

426 2324 524 2353 non
549 2308 747 2354 dubium
782 2309 894 2371 quin
921 2308 1068 2353 tribus
1092 2308 1179 2353 illis
1213 2308 1350 2366 locis,
1378 2307 1552 2352 scilicet
1577 2306 1815 2364 Cadomo,

427 2384 602 2431 Falesia
633 2395 678 2431 et
710 2385 914 2444 Baiocis,
947 2384 1232 2430 sufficienter
1265 2383 1561 2429 manentibus
1596 2382 1816 2436 munitis,

426 2462 624 2508 educere
647 2462 694 2507 in
713 2477 933 2525 campum
952 2462 1071 2507 ultra
1094 2460 1344 2506 duodecim
1372 2459 1515 2505 millia
1538 2458 1819 2505 bellatorum

479 2622 516 2656 1.
548 2622 601 2656 La
618 2617 821 2669 presqu’ile
841 2619 892 2655 du
912 2618 1100 2656 Cotentin.

479 2680 517 2716 2.
548 2680 606 2714 On
626 2678 668 2714 lit
684 2678 896 2728 cependant
916 2677 1008 2714 (lans
1027 2677 1198 2715 Chartier
1214 2675 1374 2725 qu'Abel
1392 2674 1557 2711 Rouault
1579 2673 1647 2710 tint
1674 2672 1706 2708 le
1727 2671 1816 2707 cha-

426 2745 511 2773 teau
542 2736 589 2772 de
614 2737 799 2787 Valognes
831 2737 997 2787 pendant
1028 2737 1118 2773 trois
1151 2736 1357 2780 semaines,
1381 2746 1473 2771 avec
1504 2746 1575 2769 une
1606 2729 1816 2767 t=·es-fsaible

426 2795 617 2847 garnison.
