2037 3442
306 321 380 355 316
681 312 1021 349 HISTORIARUM
1049 312 1229 348 CAROLI
1258 314 1326 347 VII

305 401 427 446 vitor
449 406 594 443 noctu
617 395 877 441 adventans
896 409 1004 438 cum
1029 409 1125 439 una
1152 402 1233 438 aut
1255 409 1363 439 cum
1385 393 1569 439 duabus
1592 395 1712 440 mio-

305 474 565 540 paronibus
601 473 742 534 (quas
778 470 948 532 galleas
982 469 1175 515 subtiles
1203 486 1286 515 seu
1310 472 1542 516 cursorias
1572 471 1713 533 vulgo

304 548 595 615 appellant),
632 546 855 593 eumdem
889 546 1121 592 Jacobum
1157 546 1348 606 Cordis,
1395 549 1489 593 suis
1530 547 1717 610 adjutus

305 625 607 685 satellitibus,
631 624 690 671 de
722 633 963 669 conventu
993 624 1231 669 dletorum
1255 626 1467 669 Fratrum
1492 625 1713 682 extraxit,

305 709 351 746 et
374 699 423 744 in
449 698 779 761 mioparonem
798 695 1104 759 deportatum
1127 695 1293 741 vinclis
1315 694 1537 753 absolvit,
1558 705 1603 742 et
1624 712 1718 741 suae

306 777 504 824 restituit
521 776 742 823 libertati.
772 776 864 831 Qui
887 784 1053 839 postea
1076 791 1102 820 a
1125 791 1313 820 summo
1331 773 1555 838 pontifice
1581 774 1717 821 Nico-

306 853 382 900 lao
405 856 416 879 ¹
444 851 726 916 quibusdam
753 850 910 914 galleis
935 850 1215 914 praepositus
1230 885 1243 907 ,
1270 866 1387 912 quas
1410 860 1577 895 contra
1613 849 1721 895 infi-

308 929 436 977 deles
459 938 748 987 armaverat,
769 944 878 973 cum
901 936 1148 973 strenuum
1174 943 1222 973 se
1244 926 1486 989 aliquanto
1506 936 1721 990 tempore

308 1007 357 1053 in
386 1005 664 1068 hujusmodi
695 1003 850 1050 navali
883 1003 1157 1067 praebuisset
1180 1003 1401 1049 exercitio
1418 1038 1430 1061 ,
1457 1019 1587 1048 mors
1611 1002 1722 1049 inde

309 1093 552 1130 contracta
581 1099 690 1128 eum
718 1081 779 1127 ad
820 1080 1074 1126 feliciorem
1113 1081 1259 1127 vitam
1299 1097 1353 1126 ex
1390 1079 1480 1125 hac
1517 1078 1724 1125 instabili

310 1162 415 1208 luce
440 1160 654 1207 evocavit
679 1162 691 1182 ²
719 1178 728 1204 :
763 1158 917 1204 virum
954 1158 1130 1221 quippe
1168 1158 1267 1204 sine
1291 1157 1455 1203 litteris
1480 1156 1616 1202 valde
1651 1157 1722 1202 in-

312 1238 451 1300 genio
492 1236 769 1294 callentem,
805 1245 852 1280 et
890 1235 937 1280 in
971 1233 1223 1280 mundanis
1263 1234 1448 1280 actibus
1481 1233 1722 1279 oculatum

312 1315 449 1362 valde
474 1325 520 1360 et
542 1313 850 1359 industrium.

376 1392 492 1449 Quis
513 1401 671 1438 autem
688 1388 944 1453 aliquando
961 1389 1188 1436 aestimare
1205 1390 1434 1454 potuisset
1452 1398 1505 1435 ut
1531 1389 1725 1436 Carolus

312 1486 413 1526 rex,
456 1469 532 1514 cui
568 1477 665 1514 tam
700 1465 901 1512 fideliter
937 1482 992 1513 ac
1031 1466 1196 1512 sedulo
1233 1466 1545 1524 ministrarat,
1585 1476 1630 1512 et
1665 1466 1726 1512 ad

313 1547 446 1608 cujus
488 1555 668 1591 tantam
696 1543 1058 1590 familiaritatem
1081 1554 1221 1607 atque
1236 1578 1249 1600 ‚
1275 1553 1328 1589 ut
1352 1560 1378 1589 a
1400 1543 1580 1589 cunctis
1604 1543 1724 1588 aesti-

313 1623 549 1680 mabatur,
585 1622 839 1668 amicitiam
862 1629 1159 1678 accesserat,
1195 1620 1242 1665 in
1282 1636 1391 1665 eum
1427 1628 1590 1683 postea
1629 1628 1727 1664 tam

316 1700 462 1745 durus
501 1707 546 1743 et
582 1714 770 1744 severus
805 1713 904 1742 esse
936 1696 1194 1760 potuisset?
1226 1696 1317 1741 Sed
1353 1695 1521 1759 procul
1556 1693 1723 1754 dubio,

314 1774 549 1840 quidquid
569 1775 617 1819 in
640 1790 750 1819 eum
768 1772 1107 1818 obtenderetur
1126 1772 1335 1817 criminis
1353 1771 1499 1830 unde,
1520 1771 1727 1817 conficto

314 1851 473 1898 colore
497 1850 709 1912 justitiae,
730 1849 828 1911 ejus
848 1848 1087 1893 damnatio
1115 1857 1368 1911 peteretur,
1392 1847 1547 1893 solum
1571 1857 1728 1893 tamen

316 1928 432 1975 illud
465 1929 511 1973 in
544 1944 653 1972 eum
689 1926 809 1988 regis
852 1925 1154 1971 acerbitatem
1199 1924 1501 1982 accenderat,
1540 1924 1672 1987 quod
1703 1941 1729 1971 a

318 2005 617 2069 nequissimis
665 2002 954 2050 delatoribus
999 2002 1174 2048 dictam
1211 2000 1459 2065 pulchram
1505 2004 1729 2062 Agnetem

318 2084 474 2130 toxico
497 2081 744 2147 appetiisse
766 2089 1034 2143 suggestum
1053 2079 1189 2141 regiis
1212 2078 1404 2124 auribus
1427 2077 1730 2142 affictumque

318 2160 484 2206 fuerat.
529 2160 595 2205 De
631 2174 726 2220 quo
765 2157 876 2203 inde
920 2165 967 2203 et
1006 2155 1228 2202 omnibus
1273 2154 1373 2201 aliis
1412 2154 1500 2200 sibi
1538 2154 1732 2217 objectis

319 2234 620 2293 criminibus,
652 2251 760 2280 cum
791 2233 851 2279 ad
882 2233 985 2279 vitre
1013 2232 1155 2295 liujus
1189 2232 1449 2296 corporalis
1471 2241 1731 2277 extremum

321 2312 608 2369 devenisset,
634 2327 683 2356 se
706 2326 868 2356 coram
887 2309 1044 2355 multis
1063 2319 1358 2355 sacramento
1377 2325 1550 2371 magno
1569 2324 1733 2372 expur-

323 2405 452 2451 gasse
476 2387 730 2446 ferebatur,
759 2397 804 2432 et
826 2387 925 2450 regi
950 2396 1092 2449 atque
1117 2385 1407 2431 delatoribus
1428 2386 1522 2431 suis
1544 2385 1734 2430 veniam

323 2465 530 2526 dedisse,
557 2475 603 2512 et
631 2481 658 2511 a
689 2481 877 2511 summo
909 2466 1011 2510 Deo
1044 2464 1328 2527 imprecatus
1356 2472 1408 2508 ut
1431 2462 1591 2508 onmia
1614 2462 1661 2507 in
1686 2479 1734 2508 se

326 2601 566 2640 dissertation
588 2602 635 2639 (le
654 2604 841 2652 Bonamy,
864 2601 957 2640 dans
976 2601 1011 2639 le
1031 2610 1131 2638 tome
1150 2603 1226 2638 XX
1244 2600 1309 2638 des
1328 2602 1528 2638 Me'moires
1547 2601 1593 2636 cle
1614 2601 1736 2635 [Ἀσα-

327 2660 448 2695 ιΙέιηίσ
470 2662 535 2695 des
555 2663 795 2710 Inscriptions
814 2670 851 2697 et
866 2663 1163 2699 Belles-Letcres.

383 2722 421 2758 1.
451 2719 599 2757 Nicolas
617 2723 662 2757 V.

383 2780 422 2816 2.
453 2780 556 2816 Dans
578 2776 656 2816 l‘ile
675 2778 722 2816 de
741 2779 846 2817 chio.
