2037 3442
704 276 844 311 LIBER
874 276 1084 311 TERTIUS.
1511 271 1528 305 1
1538 270 1584 305 37

198 368 319 415 tum,
348 359 428 420 qui
464 358 522 403 ad
549 368 692 403 terras
730 358 861 403 ducis
888 357 1134 415 Borbonii,
1172 356 1313 401 totius
1347 352 1587 399 seditionis

198 436 465 498 principalis
510 437 740 493 auctoris,
784 435 1080 496 confugerat,
1126 434 1360 478 insecutus
1398 442 1480 476 est.
1521 429 1587 474 lbi

199 516 325 559 enim
349 515 600 560 exercitum
626 515 721 576 ipse
754 514 1014 559 Ludovicus
1042 513 1264 574 colligens
1293 528 1435 573 quem
1462 518 1589 572 pote·

199 600 296 647 rat,
325 600 368 636 et
391 590 727 651 conjurationis
760 591 912 634 socios
944 599 1243 651 exspectans,
1284 587 1392 631 belli
1431 585 1589 630 sedem

200 676 437 712 statuerat.
477 668 566 712 Sed
608 668 890 730 praeveniens
919 684 995 711 rex
1013 703 1023 723 ⁷
1052 675 1096 710 et
1119 680 1287 710 cavens
1312 679 1370 706 ne
1408 661 1592 721 longius

201 754 470 805 evagaretur
494 745 723 789 initiatum
749 743 1039 798 incendium,
1072 758 1180 786 eum
1204 739 1393 784 viriliter
1417 747 1461 782 et
1484 753 1593 781 cuin

203 836 371 880 magna
398 820 687 866 festinatione
712 829 779 864 est
805 829 1095 882 prosecutus.
1127 816 1268 877 Cujus
1291 829 1594 874 congressum

203 896 401 940 militum
438 906 702 959 exspectare
726 912 833 939 cum
869 911 1017 955 neque
1053 894 1149 955 ipse
1182 906 1335 952 neque
1365 888 1595 949 conjurati

203 990 360 1019 secum
400 975 652 1033 auderent,
694 973 753 1019 de
787 973 964 1036 oppido
987 973 1034 1016 in
1066 971 1295 1034 oppidum
1330 978 1375 1013 et
1407 966 1596 1012 castello

204 1051 250 1093 in
290 1050 529 1095 castellum
576 1052 755 1111 fugatus
791 1060 882 1107 est3
923 1064 1126 1110 quorum
1158 1045 1369 1109 plurimis
1402 1045 1448 1088 in
1480 1043 1599 1103 regis

205 1140 483 1194 potestatem
520 1132 743 1190 redactis,
771 1130 981 1193 plurimis
1004 1129 1049 1173 in
1084 1128 1289 1191 praedam
1315 1127 1456 1184 datis,
1493 1125 1600 1170 satis

206 1208 338 1253 brevi
377 1217 587 1270 tempore
626 1209 672 1253 in
708 1207 978 1253 necessitate
1013 1205 1278 1269 paciscendi
1313 1203 1602 1268 parendique

207 1302 291 1331 suo
314 1287 512 1346 genitori
530 1288 761 1332 adductus
778 1296 863 1331 est.
886 1289 1239 1330 Intervenerunt
1255 1286 1378 1329 enim
1399 1300 1453 1327 ex
1474 1282 1604 1345 prin·

210 1359 391 1421 cipibus
415 1370 458 1404 et
483 1360 754 1423 proceribus
778 1360 931 1422 regni,
967 1359 1065 1421 qui,
1092 1368 1257 1421 pacata
1282 1357 1605 1418 indignatione

211 1436 354 1496 regiS‚
387 1454 491 1481 euni
518 1438 577 1483 ad
612 1437 949 1499 indulgendum
975 1435 1468 1499 [per]donandumque
1502 1449 1604 1478 om-

213 1529 321 1557 nem
357 1513 683 1575 hujuscemodi
712 1515 926 1576 injuriam
951 1524 1046 1559 tam
1075 1514 1169 1559 filio
1193 1530 1333 1575 quam
1362 1512 1471 1557 duci
1496 1515 1610 1556 Bor-

214 1588 345 1634 bonii
369 1600 411 1635 et
445 1592 618 1636 caeteris
646 1592 984 1652 conjurationis
1014 1591 1165 1649 sociis,
1194 1591 1402 1635 animum
1429 1589 1609 1648 regium

218 1665 513 1711 inflexerunt.
564 1667 667 1711 Fuit
714 1667 810 1729 ipse
858 1666 1121 1711 Ludovicus
1154 1666 1213 1710 ad
1246 1675 1488 1728 paternam
1520 1663 1608 1708 do-

217 1755 348 1783 mum
394 1739 804 1801 obedientiamque
851 1756 937 1801 pro
969 1739 1044 1784 illa
1073 1740 1170 1785 vice
1205 1740 1441 1784 restitutus
1470 1746 1610 1798 atque

218 1815 432 1861 redactus
450 1818 474 1860 ¹.

287 1893 392 1952 Ejus
427 1893 582 1955 itaque
606 1891 715 1938 talia
739 1909 894 1937 rerum
919 1909 945 1938 a
969 1909 1016 1938 se
1039 1894 1084 1937 in
1118 1902 1360 1956 posterum
1385 1891 1612 1954 gerenda-

219 1983 326 2011 rum
347 1969 475 2013 initia
499 1969 689 2013 fuerunt
705 2004 716 2026 7
746 1968 945 2030 taliaque
965 1969 1023 2014 de
1044 1986 1089 2014 se
1113 1969 1311 2032 praebuit
1336 1970 1433 2031 ipse
1459 1968 1614 2013 Ludo-

222 2044 351 2089 vicus
391 2046 625 2107 auspicia,
671 2046 778 2090 satis
813 2046 1005 2108 quidem
1044 2046 1107 2091 eis
1145 2062 1356 2091 consona
1391 2062 1494 2108 quae
1532 2061 1614 2108 per

223 2138 330 2166 eum
355 2121 662 2184 postmodum
688 2122 826 2167 fuisse
849 2132 997 2183 gesta,
1025 2123 1061 2167 si
1081 2125 1206 2168 Deus
1227 2123 1472 2168 donaverit
1491 2159 1500 2181 ⁷
1521 2122 1615 2166 suis

222 2198 335 2243 locis
357 2198 627 2243 referemus.

278 2335 314 2368 «1.
346 2335 443 2369 Tous
463 2346 524 2369 ces
538 2332 779 2369 eve'nements
799 2341 882 2369 sont
895 2332 941 2370 de
961 2333 1108 2371 l⁷annee
1133 2337 1249 2380 1440,
1266 2342 1301 2371 et
1319 2333 1528 2370 anterieurs
1544 2345 1619 2370 aux

228 2391 425 2429 tentatives
446 2391 552 2428 faites
572 2405 668 2441 pour
683 2404 886 2428 conserver
908 2392 1096 2436 Harsseur,
1119 2405 1192 2441 que
1214 2392 1376 2428 l’auteur
1398 2405 1419 2428 a
1439 2390 1619 2441 exposees

227 2451 319 2487 dans
342 2450 377 2487 le
401 2450 569 2500 chapitre
591 2451 805 2501 precedent.
