2037 3442
367 299 441 334 270
744 295 1081 332 HISTORIARUM
1110 295 1286 329 CAROLI
1314 295 1381 329 VII

366 380 413 423 in
450 378 576 422 hunc
609 376 733 421 diem
768 375 912 419 firmae
945 382 1082 434 atque
1122 373 1313 417 munitae
1348 373 1396 416 in
1441 372 1605 417 eadem
1643 373 1756 418 urbe

367 461 664 517 perseverant
683 454 709 495 ¹.

429 530 503 574 Sic
541 529 696 589 itaque
727 526 826 571 haec
863 524 1100 587 expeditio
1138 523 1415 585 Aquitanica
1454 522 1607 568 Caroli
1644 524 1761 584 regis

366 605 553 650 solertia
576 612 714 664 atque
740 601 1032 664 providentia
1056 616 1348 661 suorumque
1374 600 1549 644 ducum
1574 609 1618 644 et
1644 599 1762 644 mili-

368 691 466 726 tum
490 680 661 725 robore
682 689 821 740 atque
851 677 1146 732 strenuitate,
1175 676 1374 721 decursu
1410 676 1594 720 circiter
1623 676 1763 720 trium

369 758 625 815 mensium,
667 755 849 800 felicem
876 754 1052 798 exitum
1084 762 1129 798 et
1152 754 1612 798 consummationem
1639 769 1765 798 acce-

369 835 462 898 pit,
506 843 551 879 et
592 831 801 878 secundo
837 830 1066 876 Vasconia
1101 839 1242 891 atque
1291 828 1545 890 Burdegala
1572 862 1582 882 ‚
1627 829 1766 878 armis

370 915 655 957 Francorum
690 909 902 965 domitae,
943 924 968 952 e
1007 907 1224 952 manibus
1264 907 1518 969 Anglorum
1555 915 1766 951 extractae

371 997 478 1032 sunt
526 996 571 1032 et
615 986 673 1030 ad
710 986 958 1045 antiquum
993 1000 1157 1044 regum
1194 987 1483 1029 Francorum
1518 982 1764 1045 imperium

372 1064 606 1110 restitutae.
646 1063 819 1107 Baiona
852 1070 1035 1118 tamen,
1085 1069 1192 1123 post
1228 1061 1429 1123 primam
1474 1059 1766 1104 deditionem

372 1141 488 1202 ejus,
522 1156 707 1202 semper
738 1139 785 1183 in
810 1137 902 1183 fide
933 1137 1212 1200 permansit,
1241 1153 1328 1182 nec
1365 1135 1769 1199 quemadmodum

374 1215 633 1278 Burdegala
665 1215 725 1261 ad
749 1214 967 1276 Anglicos
999 1213 1188 1271 defecit3
1215 1230 1300 1276 pro
1326 1213 1458 1274 cujus
1490 1212 1597 1258 fidei
1621 1222 1770 1258 reten-

373 1294 524 1348 tione,
556 1292 733 1354 majore
757 1291 896 1353 digna
923 1289 1338 1336 commendatione
1361 1289 1594 1335 censenda
1617 1298 1700 1335 est.

836 1481 1168 1525 CAPITULUM
1201 1482 1321 1525 Vlll.

377 1601 508 1633 Bellum
525 1599 559 1631 in
578 1597 742 1631 Flaudria
768 1596 858 1630 inter
874 1596 1076 1641 Philippum
1090 1622 1099 1637 ‚
1119 1594 1242 1628 ducem
1262 1593 1490 1640 Burgundiae‚
1509 1602 1539 1627 et
1558 1592 1771 1626 Gandenses.

444 1714 618 1761 Eadem
643 1723 800 1759 autem
824 1721 1100 1775 tempestate
1117 1727 1209 1774 qua
1228 1711 1482 1773 Burdegala
1500 1710 1577 1756 tali
1592 1708 1776 1754 calami-

381 1802 472 1839 tate
489 1806 716 1837 concussa
733 1799 823 1847 est,
844 1790 890 1834 in
911 1789 999 1834 alia
1016 1789 1154 1834 etiam
1169 1788 1298 1850 regni
1310 1791 1595 1833 Francorum
1616 1795 1775 1832 extre—

383 1869 559 1925 mitate,
588 1867 766 1929 insigne
785 1865 898 1911 illud
915 1865 1145 1929 oppidum
1158 1864 1456 1921 Gandavum,
1481 1873 1593 1909 tunc
1610 1862 1776 1926 procul

382 1944 528 1990 dubio
564 1944 684 1989 inter
717 1959 881 1988 omnes
909 1942 1167 1988 Galliarum
1196 1941 1335 1987 urbes
1370 1939 1777 2003 opulentissimum

382 2033 522 2085 atque
545 2020 982 2085 populosissimum‚
1003 2020 1050 2064 in
1076 2035 1268 2081 magnas
1287 2035 1518 2064 aerumnas
1535 2028 1675 2080 atque
1695 2033 1779 2062 an-

384 2100 557 2161 gustias
572 2096 847 2143 devolutum
862 2096 962 2141 suit.
978 2098 1096 2141 Cum
1108 2097 1249 2155 enim,
1266 2112 1317 2141 ex
1334 2094 1622 2140 abundantia
1633 2109 1778 2156 opum

385 2176 660 2237 etlongaevae
674 2174 800 2237 pacis
815 2174 935 2230 otio,
960 2173 1188 2218 civesloci
1211 2173 1258 2217 in
1284 2173 1478 2217 nimiam
1504 2172 1781 2217 efferrentur

386 2250 678 2314 superbiam,
708 2251 772 2295 ita
801 2260 850 2295 ut
873 2266 1005 2312 paene
1042 2266 1208 2294 omnes
1243 2248 1466 2294 mortales
1496 2248 1565 2293 sui
1589 2262 1780 2310 compa-

388 2328 568 2373 ratione
594 2327 725 2390 parvi
754 2326 959 2371 facerent
982 2335 1120 2386 atque
1146 2334 1504 2370 contemnerent
1525 2360 1535 2381 ‚
1564 2323 1782 2369 adversus

388 2406 528 2450 etiam
563 2404 823 2467 principem
859 2419 996 2448 suum
1036 2402 1327 2465 Philippum,
1369 2402 1538 2446 ducem
1578 2404 1784 2460 Burgun-

390 2481 605 2536 dionum,
643 2480 865 2525 comitem
893 2479 1120 2524 Flandriae
1146 2479 1444 2542 pluriumque
1477 2478 1672 2523 aliarum
1696 2486 1784 2520 ter-

392 2575 546 2602 rarum
584 2557 814 2602 nobilium
854 2556 1100 2602 dominum
1138 2556 1512 2619 potentissimum
1529 2593 1539 2613 ,
1580 2554 1783 2600 cervices

447 2696 482 2730 1.
516 2697 566 2730 Le
588 2694 657 2729 sort
679 2694 728 2729 du
746 2696 801 2729 Ha
823 2703 858 2730 et
883 2694 918 2730 le
940 2694 1097 2731 chateau
1120 2696 1307 2744 Tropeyte.
1328 2704 1376 2729 ou
1393 2694 1607 2742 Trompette
1628 2689 1783 2727 deti-uits

393 2765 440 2788 au
460 2760 778 2789 commencement
793 2752 839 2789 de
854 2766 896 2789 ce
912 2753 1037 2789 siecle.
