2037 3442
724 302 867 340 LIBER
894 302 1136 348 QUARTUS.
1563 302 1580 336 1
1589 301 1637 336 83

242 391 360 439 sent,
387 381 509 429 illico
536 383 861 433 ostenderunt.
888 387 1103 439 Quorum
1128 381 1397 429 insolentias
1417 383 1641 428 exsecrati

241 458 447 521 plurium
471 459 764 505 castellorum
786 461 924 517 cives,
952 478 1059 505 cum
1085 459 1343 507 reluctandi
1363 461 1502 505 tantis
1523 460 1642 521 inju-

243 535 322 580 riis
345 536 466 582 vires
489 537 682 582 minime
706 546 1029 600 suppeterent,
1061 537 1246 584 castella
1275 537 1538 599 domosque
1564 553 1643 583 va·

244 621 453 668 ouantes,
489 612 665 658 eisdem
695 623 963 670 cesserunt,
987 623 1030 657 ct
1054 613 1239 675 profugi
1265 614 1335 657 vel
1360 614 1407 657 in
1432 613 1521 658 alia
1545 629 1642 658 cas-

247 686 351 732 tella
372 689 445 733 vel
470 688 517 734 in
543 706 678 751 agros
701 699 745 734 et
767 689 905 735 silvas
931 688 1166 733 abierunt.
1192 691 1365 733 Tantus
1396 704 1509 733 vero
1546 689 1643 733 odii

247 763 376 809 furor
399 765 582 812 animos
617 766 804 812 illorum
840 765 1127 828 populorum
1152 763 1402 810 adversum
1441 767 1647 810 Francos

245 849 357 886 tunc
371 844 567 889 armavit
583 859 636 888 ac
656 844 822 898 tenuit,
843 853 895 888 ut
915 856 1240 904 quoscumque
1260 856 1314 886 ex
1333 839 1443 902 ipsis
1456 842 1647 885 Francis

244 917 522 981 intercipere
555 929 774 982 possent,
811 918 989 979 absque
1019 918 1115 963 ullo
1158 916 1343 962 delectu
1384 914 1641 976 dignitatis,

245 1010 378 1039 sexus
410 1005 489 1040 aut
514 996 681 1054 aetatis,
721 995 844 1040 illico
876 995 1179 1058 perimerent.
1215 991 1357 1048 Quod
1382 991 1441 1037 de
1468 992 1534 1036 eis
1556 992 1646 1053 ipsi

245 1073 409 1116 Franci
433 1089 564 1117 secus
590 1073 801 1117 fecissent
823 1071 1038 1128 libenter,
1070 1069 1293 1132 pecunias
1327 1068 1471 1129 magis
1504 1084 1647 1129 quam

246 1164 412 1193 eorum
436 1165 573 1194 neces
594 1158 841 1212 optantes,
871 1147 953 1192 sed
975 1147 1084 1209 quia
1108 1147 1154 1191 in
1181 1146 1315 1192 terris
1338 1144 1428 1190 illis
1452 1145 1573 1190 inter
1599 1161 1648 1191 se

247 1224 555 1270 condixerant
599 1243 687 1289 pro
731 1224 862 1270 nullo
900 1241 927 1269 a
971 1223 1161 1268 Francis
1210 1231 1348 1286 capto
1396 1223 1647 1285 pecuniam

245 1300 430 1346 aliudve
452 1319 538 1364 pro
560 1299 885 1365 redemptione
908 1301 1025 1358 dari,
1047 1301 1204 1363 plures
1227 1316 1409 1357 eorum⁷
1449 1299 1562 1344 dum
1587 1298 1647 1344 ab

245 1377 310 1421 eis
352 1378 476 1440 capti
517 1388 696 1435 essent,
735 1379 835 1441 pari
875 1377 1059 1422 reddita
1092 1376 1441 1430 vicissitudine,
1475 1391 1648 1421 eneca-

246 1452 436 1500 bantur.

312 1530 464 1576 Rediit
490 1541 645 1577 autem
674 1531 800 1577 idem
826 1531 1091 1576 Ludovicus
1117 1529 1175 1574 de
1196 1529 1320 1575 dicta
1349 1529 1652 1593 expeditione

246 1616 354 1652 ante
380 1606 610 1654 hiemem¹
635 1609 693 1654 ad
719 1618 900 1672 patrem
927 1624 1081 1660 suum,
1109 1623 1217 1652 cum
1242 1606 1419 1668 majore
1446 1607 1649 1653 militum

247 1700 443 1729 suorum
485 1685 817 1741 multitudine,
852 1700 1054 1745 quorum
1083 1682 1241 1745 plures
1276 1692 1321 1728 et
1353 1683 1525 1728 militiae
1560 1700 1650 1729 nu-

249 1776 381 1806 mero
425 1771 468 1806 et
507 1761 681 1807 ducum
728 1761 915 1820 officio,
961 1761 1007 1805 in
1052 1758 1131 1805 illo
1175 1759 1341 1805 ordine
1383 1776 1524 1822 quem
1571 1777 1651 1807 rex

249 1837 539 1897 instituerat,
563 1838 784 1901 adscripti
809 1846 933 1883 sunt.
958 1836 1115 1882 Plures
1142 1847 1296 1882 tamen
1319 1853 1376 1881 ex
1399 1836 1478 1882 illo
1503 1838 1652 1883 comi-

250 1923 378 1971 tatu,
419 1931 562 1976 quem
597 1915 820 1971 duxerat,
856 1924 952 1959 tam
982 1930 1036 1958 ex
1073 1913 1260 1958 Francis
1297 1929 1440 1974 quam
1470 1930 1524 1959 ex
1559 1917 1652 1959 An-

252 1989 401 2051 ghcis,
447 1993 527 2054 qui
548 2029 559 2048 ‚
606 2009 660 2037 ex
708 1991 999 2036 Normannia
1039 1990 1190 2038 allecti
1227 1989 1471 2053 praedandi
1512 2007 1653 2038 causa

253 2076 393 2130 atque
413 2085 510 2132 spe,
531 2069 611 2114 illo
633 2086 742 2115 cum
756 2069 944 2114 Francis
959 2066 1154 2131 profecti
1168 2076 1316 2127 erant,
1342 2067 1387 2112 in
1410 2068 1654 2114 montibus

254 2154 297 2189 et
321 2145 471 2203 silvis,
505 2163 589 2210 per
611 2146 802 2192 insidias
828 2145 886 2190 ab
912 2145 1113 2208 regionis
1136 2144 1307 2191 accolis
1337 2146 1513 2208 positas
1529 2180 1541 2200 ‚
1569 2161 1656 2208 pe-

254 2223 447 2268 rierunt.
489 2224 691 2287 Reliquit
715 2224 856 2269 etiam
880 2223 1004 2268 idem
1032 2221 1294 2285 Delphinus
1319 2222 1577 2267 nonnullos
1608 2222 1655 2266 in

253 2301 479 2362 praesidiis
497 2301 760 2364 aliquorum
781 2300 1064 2363 oppidorum
1086 2298 1440 2345 etcastellorum
1450 2299 1654 2357 Alzatiae3

255 2377 428 2439 quibus
457 2395 566 2423 cum
598 2388 706 2442 post
730 2377 935 2423 hiemem
970 2376 1189 2422 victualia
1224 2375 1481 2421 deficerent
1502 2411 1513 2432 ,
1556 2390 1661 2437 quae

256 2454 432 2517 absque
462 2455 629 2501 ordine
658 2455 839 2517 direpta
870 2453 930 2500 ab
961 2455 1026 2500 eis
1058 2463 1103 2499 et
1128 2463 1411 2516 consumpta
1442 2453 1627 2498 fuerant
1646 2488 1658 2511 ‚

256 2541 622 2594 pateremurque
647 2548 802 2576 rerum
837 2532 1050 2576 omnium
1080 2530 1353 2593 penuriam,
1384 2529 1662 2574 hominibus

258 2617 303 2653 et
327 2608 570 2654 elementis
594 2608 798 2670 regionis
826 2608 913 2654 sibi
934 2608 1124 2670 penitus
1141 2607 1346 2652 adversis
1369 2615 1413 2651 et
1437 2606 1659 2664 inimicis,

312 2760 348 2795 4.
381 2760 435 2795 De
458 2758 532 2795 l'an
550 2758 667 2796 4444.
