2037 3442
362 309 411 344 70
740 304 1076 342 HISTORIARUM
1103 304 1282 338 CAROLI
1310 304 1378 338 VII

361 404 452 450 que
488 396 533 431 et
562 386 747 430 indiciis
778 385 836 429 de
866 382 1195 428 occultissimis
1231 382 1393 440 rebus,
1426 399 1541 445 quas
1579 386 1626 429 in
1665 403 1756 431 suae

362 460 682 509 testimonium
707 459 936 505 missionis
962 475 1014 504 ac
1041 458 1208 504 divinae
1229 460 1552 522 praeceptionis
1576 459 1664 505 sibi
1681 460 1759 505 de-

362 538 487 596 texit,
517 538 564 582 in
583 535 863 582 nonnullam
880 535 1113 581 dictorum
1138 534 1277 581 fldem
1305 545 1371 581 est
1390 536 1635 582 adductus.
1658 540 1759 582 Fer-

360 625 434 660 tur
478 613 604 658 enim
653 611 823 657 dixisse
866 628 945 657 rex
989 611 1139 673 (quod
1173 620 1219 656 et
1264 627 1288 656 a
1319 612 1544 674 praedicto
1587 612 1759 658 comite

359 690 594 749 Dunensi,
623 689 704 752 qui
733 688 819 733 sibi
844 688 1228 733 familiarissimus
1256 698 1368 747 erat,
1397 688 1629 734 audivisse
1660 706 1759 736 me-

359 766 633 828 minimus),
671 782 774 811 eam
806 764 895 810 sibi
928 774 1022 810 tam
1059 773 1236 809 secreta
1281 774 1420 826 atque
1452 765 1658 824 occulta,
1699 766 1759 811 ad

358 843 594 890 dictorum
630 843 797 898 fidem,
838 841 1108 901 adduxisse,
1151 859 1253 905 quae
1291 843 1447 888 nullus
1489 843 1759 889 mortalium

359 930 525 984 praeter
568 920 802 983 seipsum,
850 919 937 964 nisi
984 918 1207 964 divinitus
1249 918 1409 965 habita
1445 919 1754 978 revelatione,

358 997 474 1042 scire
509 997 750 1060 potuisset.
784 998 1032 1041 Assensum
1068 995 1224 1057 itaque
1261 995 1513 1040 admonitis
1542 1011 1625 1058 per
1657 1012 1760 1040 eam

359 1083 596 1138 praestans,
624 1073 836 1136 undique
858 1073 1006 1136 copiis
1029 1090 1122 1118 suae
1143 1072 1315 1118 militiae
1340 1071 1577 1135 [collectis]
1596 1109 1606 1130 ,
1634 1089 1754 1130 eam,

360 1161 584 1214 tanquam
610 1151 832 1196 divinitus
855 1150 1113 1196 ductricem
1138 1151 1209 1195 sui
1235 1150 1461 1195 exercitus
1482 1149 1660 1208 datam,
1693 1151 1757 1196 vi-

359 1228 432 1273 rili
459 1237 584 1273 vesle
603 1244 803 1291 corpore
822 1237 867 1272 et
890 1227 1041 1290 capite
1069 1244 1150 1290 per
1170 1227 1331 1272 omnia
1351 1228 1593 1287 amictam,
1618 1228 1760 1273 armis

361 1305 588 1367 equisque
611 1304 860 1363 munitam,
890 1320 1001 1348 cum
1028 1303 1128 1349 aliis
1152 1320 1244 1348 suae
1265 1303 1438 1348 militiae
1461 1303 1676 1360 ducibus,
1701 1303 1761 1349 ad

361 1397 543 1444 expugn
556 1380 698 1425 indos
725 1379 906 1436 hostes,
939 1380 1019 1442 qui
1044 1379 1184 1441 longa
1208 1380 1303 1441 jam
1330 1390 1373 1424 et
1397 1380 1599 1443 plurium
1630 1396 1761 1425 men-

360 1458 481 1502 sium
512 1456 760 1502 ohsidione
783 1456 956 1501 dictam
983 1456 1363 1502 Aurelianensem
1394 1456 1561 1501 urbem
1585 1473 1764 1520 preme-

361 1533 500 1592 bant,
529 1533 808 1580 destinabat.
830 1536 944 1590 Quae
963 1533 1174 1597 profecto
1193 1550 1291 1579 non
1313 1534 1376 1578 uti
1400 1533 1458 1579 de
1478 1534 1600 1579 illius
1623 1534 1766 1579 aetatis

363 1611 516 1675 puella
548 1627 626 1656 seu
665 1611 940 1656 muliercula
965 1611 1227 1674 potuissent
1259 1611 1496 1670 aestimari,
1525 1612 1605 1657 sed
1635 1628 1766 1656 more

362 1690 573 1734 virorum
596 1689 785 1735 fortium
803 1699 942 1752 atque
967 1690 1012 1734 in
1040 1690 1180 1735 armis
1201 1690 1559 1735 exercitatorum
1577 1689 1766 1751 adequi-

364 1767 490 1813 tabat
509 1777 702 1826 armata,
725 1767 890 1813 vexillo
910 1769 1122 1831 proprie,
1151 1778 1376 1831 tanquam
1402 1768 1586 1813 militari
1611 1768 1762 1829 signo,

365 1844 672 1907 praecedente,
698 1846 743 1890 in
768 1862 864 1907 quo
894 1846 1119 1907 imagines
1143 1846 1353 1907 gloriosae
1372 1845 1563 1906 virginis
1585 1844 1670 1889 Dei
1690 1860 1765 1905 ge·

365 1923 541 1968 nitricis
564 1933 610 1968 et
632 1923 899 1986 aliquarum
924 1940 977 1968 ex
1004 1922 1138 1968 dictis
1160 1922 1331 1968 sanctis
1354 1919 1613 1981 virginibus
1636 1929 1765 1965 erant

366 2000 577 2064 depictae.

842 2160 1179 2204 CAPITULUM
1215 2160 1292 2202 XI.

365 2280 557 2322 Quomodo
581 2281 644 2314 sub
671 2280 799 2314 ducatu
818 2281 962 2314 Joannae
987 2280 1112 2314 Puellae
1132 2287 1242 2313 castra
1257 2279 1450 2324 Anglorum
1469 2278 1560 2312 circa
1580 2278 1770 2312 Aurelianis

596 2341 738 2373 fuerunt
753 2348 947 2385 expugnata
961 2365 970 2381 ,
988 2349 1020 2373 et
1035 2339 1110 2372 caesi
1128 2339 1303 2384 fugatique
1318 2338 1400 2371 inde
1415 2338 1529 2384 Angli.

431 2456 599 2500 Hostes
624 2454 768 2516 igitur
791 2454 870 2516 qui
895 2454 942 2499 in
969 2453 1129 2499 castris
1160 2452 1367 2511 stabant,
1394 2469 1496 2515 quae
1520 2453 1646 2497 velut
1668 2468 1770 2497 mu-

366 2530 617 2577 nitissimas
652 2548 782 2577 arces
813 2532 873 2577 ad
909 2547 1159 2577 numerum
1200 2547 1347 2593 usque
1377 2547 1456 2576 sex
1485 2539 1563 2575 aut
1592 2537 1770 2592 septem

366 2607 543 2653 circum
578 2607 742 2653 urbem
776 2618 1065 2666 struxerant,
1103 2607 1291 2671 aggredi
1320 2607 1478 2653 statuit
1499 2644 1510 2665 ,
1549 2605 1770 2667 urbisque

369 2682 668 2738 habitatores,
688 2684 830 2746 longo
844 2686 939 2746 jam
962 2687 1087 2732 velut
1104 2700 1289 2731 carcere
1309 2692 1566 2730 asservatos
1585 2692 1630 2728 et
1650 2683 1768 2727 fame

366 2770 506 2822 atque
530 2759 683 2805 inedia
698 2762 952 2818 confectos,
977 2761 1284 2807 incommodo
1310 2760 1572 2805 obsidionis
1589 2759 1768 2805 solvere
