2037 3442
666 297 808 332 LIBER
835 296 1098 334 SECUNDUS.
1538 298 1587 334 55

196 378 370 439 potuit,
391 378 472 423 sed
493 378 630 424 rebus
655 395 784 442 paene
804 379 1059 442 desperatis
1084 395 1351 436 occurrenS,
1370 378 1585 441 reliquias

195 465 509 512 armatorum,
540 456 619 517 qui
654 455 739 500 fusi
764 455 1052 518 dispersique
1077 465 1182 519 post
1209 455 1418 519 praelium
1448 471 1584 518 vaga-

194 529 383 590 bantur,
412 531 610 593 collegit,
638 548 810 593 eosque
840 531 1110 577 consolatus
1132 541 1176 576 et
1200 533 1244 576 in
1269 532 1482 577 debitum
1508 549 1585 577 01·-

196 607 354 652 dinem
383 607 622 669 redigens,
653 609 695 652 in
724 608 947 671 praesidiis
970 608 1184 653 locorum
1215 608 1383 670 quibus
1409 608 1587 671 pericu-

195 682 292 727 lum
318 684 466 744 majus
490 683 788 741 imminebat,
816 683 1087 740 collocavit,
1110 693 1251 746 prout
1274 685 1587 746 opportunius

194 760 455 819 videbatur,
478 778 536 806 ne
556 761 828 806 excursione
854 760 1059 805 hostium
1084 769 1188 822 post
1205 769 1381 804 tantam
1404 760 1588 805 calami-

195 846 335 882 tatem
355 847 527 883 caetera:
553 838 759 883 civitates
786 846 830 881 et
846 837 945 881 loca
967 836 1026 881 ad
1047 836 1205 880 hostes
1229 835 1456 880 exterritae
1473 835 1586 880 defi-

193 923 380 973 cerent,
413 925 457 959 et
495 931 576 977 per
604 914 697 958 hoc
728 912 998 958 incendium
1024 912 1206 973 longius
1241 911 1472 973 latiusque
1497 928 1584 958 va-

194 999 395 1050 garetur.
434 990 622 1035 Munitis
668 989 804 1051 igitur
851 987 1261 1051 principalioribus
1298 987 1438 1045 loeis,
1482 1004 1586 1049 quae

192 1065 447 1127 Anglorum
464 1066 672 1110 terminis
690 1065 914 1109 viciniora
931 1074 976 1109 et
1000 1063 1216 1126 ampliori
1234 1062 1442 1124 subjecta
1462 1065 1585 1126 peri-

192 1142 298 1187 culo
322 1141 624 1204 putabantur,
649 1141 875 1186 industria
894 1150 939 1185 et
960 1140 1120 1186 labore
1143 1139 1351 1202 praedicti
1370 1141 1579 1198 Joannis,

191 1218 269 1278 qui
303 1226 403 1261 tum
441 1217 684 1262 Bastardus
722 1215 1057 1262 Aurelianensis
1101 1215 1357 1260 vocabatur
1391 1216 1584 1278 (postea

192 1309 302 1337 vero
337 1309 362 1337 a
391 1309 497 1354 rege
530 1310 614 1356 pro
646 1293 738 1338 suis
775 1293 967 1355 egregiis
1006 1291 1254 1338 virtutibus
1287 1303 1579 1351 muneratus,

190 1368 465 1413 comitatum
502 1372 770 1414 Dunensem
800 1369 846 1413 in
883 1368 1198 1425 Carnotensi¹,
1236 1378 1282 1414 et
1309 1369 1583 1414 comitatum

191 1455 349 1508 postea
379 1445 437 1489 de
475 1445 740 1506 Longavilla
775 1446 819 1490 in
862 1445 1223 1507 Rhotomagensi
1271 1445 1576 1503 dioecesibus,

190 1521 436 1583 obtinuit),
464 1522 679 1567 effectum
700 1532 766 1567 est
791 1532 841 1567 ut
865 1539 960 1567 non
988 1522 1118 1567 facile
1142 1523 1273 1584 Angli
1295 1523 1342 1567 in
1364 1522 1583 1569 ulteriora

188 1607 432 1660 penetrare
446 1607 717 1660 potuerunt,
736 1598 1037 1660 rest1·ictaque
1051 1598 1123 1643 via
1138 1614 1245 1659 qua,
1264 1598 1351 1642 nisi
1366 1614 1421 1643 eo
1437 1599 1581 1644 modo

188 1674 428 1738 provisum
476 1674 658 1733 fuisset,
707 1690 852 1737 parvo
894 1675 1081 1736 negotio
1125 1684 1170 1720 et
1205 1674 1380 1737 absque
1420 1674 1581 1723 labore

188 1767 386 1811 magno,
420 1750 466 1794 in
489 1752 721 1796 anteriora
749 1767 846 1796 sese
873 1751 1119 1796 extendere
1144 1760 1187 1796 et
1210 1750 1403 1797 dilatare
1425 1752 1578 1799 statim

186 1827 463 1889 potuissent.

253 1905 356 1947 Non
386 1911 540 1948 tamen
574 1903 852 1965 quieverunt
883 1903 1055 1966 Anglici
1088 1904 1175 1967 ipsi
1208 1913 1347 1966 atque
1373 1907 1581 1968 Burgun-

190 1980 353 2024 diones
382 1981 493 2041 quin
529 1980 711 2025 assidue
736 1984 1022 2026 Francorum
1046 1990 1189 2026 terras
1219 1997 1272 2026 ac
1296 1982 1581 2028 munitiones

188 2055 511 2118 pervaderent,
538 2057 715 2119 aliquas
733 2056 970 2102 interdum
996 2057 1039 2102 vi
1057 2067 1102 2102 et
1118 2058 1274 2118 armis,
1303 2058 1481 2121 aliquas
1497 2076 1581 2122 per

188 2130 377 2175 insidias
398 2141 476 2177 aut
494 2142 748 2177 nocturnas
766 2132 1093 2178 inscalationes
1108 2142 1153 2178 et
1174 2150 1420 2179 murorum
1436 2143 1582 2179 trans-

187 2209 453 2266 censiones,
479 2207 800 2270 subjiciend03
828 2209 958 2271 quod
975 2225 1070 2254 non
1090 2210 1231 2256 etiam
1250 2210 1534 2256 dissimiliter
1557 2229 1582 2257 e

187 2284 373 2330 diverso
397 2286 558 2330 Franci
583 2285 629 2329 in
656 2285 928 2347 Anglorum,
956 2287 1102 2332 immo
1122 2288 1275 2332 verius
1301 2304 1406 2333 suas
1424 2289 1580 2333 muni·

189 2362 362 2418 tiones,
392 2360 663 2407 factitabant
685 2380 692 2406 :
719 2379 827 2407 cum
858 2363 1119 2425 agminibus
1147 2373 1434 2409 armatorum
1454 2381 1582 2411 nunc

186 2454 313 2497 suos,
341 2453 468 2482 nunc
492 2437 698 2482 hostium
727 2453 877 2499 agros,
898 2448 1052 2502 partes
1078 2449 1284 2502 utraeque
1303 2440 1582 2504 populantes

238 2565 275 2599 1.
308 2566 360 2599 Le
381 2563 502 2599 comte
523 2563 568 2599 de
581 2563 725 2599 Dunois
744 2563 797 2599 lui
816 2563 870 2600 fut
890 2564 1014 2601 donne
1035 2577 1081 2601 en
1102 2566 1216 2610 4439,
1236 2578 1313 2602 non
1330 2565 1446 2616 parle
1467 2565 1539 2611 roi,
1561 2567 1582 2602 ὲ

187 2619 252 2670 qui
282 2634 323 2657 ce
358 2635 451 2671 pays
481 2621 758 2671 n’appartenait
788 2635 870 2672 pas,
902 2623 994 2660 mais
1021 2623 1110 2661 bien
1130 2637 1197 2674 par
1221 2637 1288 2661 son
1316 2625 1431 2671 frere,
1455 2625 1490 2663 le
1510 2625 1584 2662 duc

189 2679 400 2718 d'Orleans.
434 2682 558 2727 Quant
586 2694 634 2716 au
662 2681 783 2717 comte
804 2681 850 2718 de
868 2683 1130 2732 Longueville,
1151 2683 1176 2720 il
1204 2684 1239 2720 le
1262 2691 1367 2733 reeut
1385 2683 1584 2722 effective-

185 2746 287 2775 ment
307 2738 353 2776 de
371 2739 408 2775 la
429 2739 676 2777 munificence
697 2739 748 2777 du
767 2739 824 2777 roi
842 2753 889 2778 en
910 2743 1025 2777 1443.
