2037 3442
732 294 872 328 Llssrztt
911 294 1137 339 QUINTUS.
1557 295 1631 328 289

236 384 531 438 compertum
556 374 785 431 hahebat,
827 373 1002 437 duplici
1028 374 1287 436 angebatur
1309 385 1461 433 metu,
1485 375 1637 420 existi-

238 468 370 496 mans
390 451 676 513 quodetiam
703 451 920 496 eumdem
947 452 991 495 in
1015 451 1232 511 iujuriam
1259 468 1390 496 suam
1410 452 1506 514 ipsc
1525 455 1638 496 Bur-

239 528 532 589 gundionum
574 519 666 572 (ltux
706 526 870 571 callide
912 528 1185 572 attraxisset.
1221 528 1639 584 Quemadmodum

239 604 364 648 euim
396 604 440 647 in
469 601 785 666 superioribus
819 602 1076 662 tetigimus,
1107 603 1188 647 etsi
1224 604 1269 647 in
1299 603 1516 649 Atrebato
1542 604 1638 664 jam

240 680 352 724 olim
373 680 492 724 inter
518 679 735 725 Carolum
765 695 920 740 regem
947 689 991 723 et
1008 679 1227 724 eumdem
1252 681 1642 741 Burgundionum

239 756 407 801 ducem
431 772 519 819 pax
545 756 700 800 fuisset
727 754 924 800 solidata
949 764 993 798 et
1015 754 1193 815 jurata,
1222 772 1463 817 nunquam
1486 767 1640 802 tamen

240 842 488 895 propterea
526 830 779 877 concordia
817 847 899 875 seu
932 846 1039 875 vera
1067 830 1265 876 charitas
1296 832 1419 877 inter
1452 832 1642 878 eosdem

243 909 379 953 fuisse
408 917 659 971 conspecta
694 917 786 966 est,
820 907 925 952 licet
957 922 1077 969 saepe
1114 907 1213 969 ipse
1250 909 1643 971 Burgundionum

242 985 333 1030 (lux
360 1001 462 1030 eam
486 1001 533 1030 se
559 984 758 1030 maxime
782 992 971 1046 captare
996 982 1266 1028 ostenderit.

705 1167 1038 1212 CAPITULUM
1072 1168 1192 1213 XIV.

239 1293 395 1335 Qualiter
406 1293 603 1338 Philippus,
623 1291 693 1325 dux
710 1290 934 1337 Burgundiae,
951 1290 1139 1324 amicitiam
1153 1292 1267 1325 Caroli
1283 1291 1370 1337 regis
1386 1304 1420 1325 se
1437 1292 1648 1326 desiderasse

511 1350 703 1384 ostenderit
716 1377 725 1393 ,
744 1359 846 1396 atque
863 1350 905 1383 de
922 1363 963 1383 eo
981 1363 1014 1383 se
1031 1350 1162 1395 optime
1180 1350 1373 1385 confidere.

304 1462 445 1518 Quod
471 1472 726 1525 utcumque
755 1473 799 1508 et
835 1479 931 1507 non
971 1463 1061 1507 levi
1098 1461 1341 1508 dumtaxat
1376 1464 1648 1525 conjectura

240 1539 582 1603 approbemus,
622 1539 878 1585 referemus
902 1555 1061 1584 casum
1087 1555 1236 1583 unum
1262 1555 1314 1583 cx
1342 1556 1436 1601 quo
1464 1541 1648 1585 111110111-

241 1632 332 1678 que
351 1616 482 1660 facile
500 1625 714 1661 constare
734 1615 880 1678 possit
901 1615 1055 1678 ipsum
1075 1614 1346 1677 Philippum
1367 1617 1486 1677 regis
1509 1616 1651 1662 bene-

241 1693 497 1738 volentiam
521 1692 835 1749 desiderasse,
861 1691 1086 1754 quodque
1110 1691 1168 1736 de
1192 1707 1248 1736 eo
1268 1691 1448 1738 nullam
1470 1704 1650 1754 gereret

242 1770 576 1829 diffidentiam,
607 1770 689 1816 sed
713 1770 849 1833 plene
880 1769 1009 1831 quod
1041 1769 1140 1831 ejus
1166 1768 1310 1814 fidem
1335 1771 1467 1834 sequi
1490 1771 1645 1828 vellet,

243 1847 486 1893 indicasse.

308 1928 454 1987 Capta
485 1924 598 1980 fuit,
636 1922 758 1986 proh
796 1922 962 1969 dolor!
994 1923 1053 1969 ab
1083 1923 1368 1987 imperatore
1392 1928 1650 1972 Turcarum

244 2000 321 2046 illa
338 2000 515 2046 famosa
533 1999 643 2045 urbs
668 2000 1125 2064 Constantinopolis,
1148 2002 1386 2047 orientalis
1408 2003 1650 2063 quondam

245 2077 428 2140 imperii
458 2077 592 2122 sedes
627 2086 671 2122 et
694 2087 863 2140 caput,
892 2078 1015 2123 circa
1040 2094 1220 2124 annum
1252 2096 1497 2126 111000οι111.
1516 2082 1544 2136 ¹,
1571 2080 1649 2125 diu

246 2164 499 2216 autequam
552 2153 645 2197 ulla
690 2154 965 2216 apparentia
1011 2164 1094 2200 aut
1147 2155 1350 2219 suspicio
1399 2155 1653 2201 haberetur

246 2230 374 2293 quod
401 2229 617 2293 praefatus
652 2229 916 2292 Delphinus
939 2230 1132 2276 deberet
1168 2231 1227 2277 ad
1260 2232 1651 2294 Burgundionum

246 2307 414 2352 ducem
439 2305 716 2367 confugere,
743 2317 821 2350 aut
845 2307 1068 2368 genitoris
1091 2309 1161 2352 sui
1182 2307 1555 2369 indignationem
1580 2310 1651 2355 in-

244 2400 449 2429 currere.
494 2386 627 2428 hiam
648 2382 997 2429 christianitatis
1022 2384 1334 2430 calamitatem
1362 2402 1470 2430 cum
1500 2385 1653 2431 dictus

246 2461 340 2506 dux
379 2459 771 2521 Burgundionum
812 2460 951 2506 anxio
1001 2471 1263 2522 moestoque
1309 2461 1466 2507 animo
1517 2463 1654 2508 valde

245 2536 553 2601 percepisset,
582 2535 683 2580 zelo
714 2535 975 2581 christianae
1006 2537 1116 2582 fidei
1147 2547 1193 2582 et
1225 2536 1394 2582 divinae
1419 2537 1655 2600 religionis

245 2624 512 2678 permotus,
534 2622 699 2658 votum
722 2612 831 2658 fecit
854 2623 900 2659 et
922 2614 1074 2659 emisit
1093 2614 1139 2659 in
1164 2614 1380 2678 propria⁷
1407 2631 1517 2660 cum
1547 2616 1655 2661 totis

301 2753 337 2787 1.
371 2752 420 2788 Le
441 2752 489 2787 29
512 2749 586 2787 mai
608 2752 722 2787 1453.

353 2834 366 2856 1
1454 2823 1497 2857 10
