2037 3442
755 225 896 259 LIBER
922 224 1136 260 TERTIUS.
1559 221 1571 255 1
1585 222 1629 254 ἵὶῖ

240 311 524 352 Francorum
561 304 656 365 regi
678 305 864 366 suisque
889 322 986 351 non
1012 305 1159 350 invisa
1192 319 1279 349 nec
1309 304 1490 364 ingrata
1524 302 1627 348 fuit.

242 380 654 440 Quemadmodum
683 381 832 439 enim,
865 391 915 426 ut
943 382 1137 443 tragicus
1163 380 1343 442 inquit,
1372 394 1535 442 pacem
1559 395 1634 424 re—

242 458 351 504 duci
376 457 493 503 velle
529 457 651 501 victo
687 473 873 502 necesse
905 465 1001 513 est,
1031 457 1095 501 sic
1127 465 1171 501 ct
1197 455 1358 500 victori
1396 454 1584 518 expedit
1604 456 1630 498 ¹.

244 538 351 578 Erat
388 534 548 594 utique
584 532 716 577 valde
758 532 1011 595 expediens
1047 541 1092 576 et
1137 532 1233 591 regi
1268 540 1312 576 et
1347 540 1447 576 toto
1492 547 1636 591 regno

244 614 551 663 Francorum,
580 608 899 654 miserabiliter
929 608 1104 669 ubique
1131 607 1342 652 desolato
1369 616 1414 651 et
1444 607 1632 664 attrito,

247 694 296 730 ut
330 685 523 745 alicujus
554 694 722 745 treugae
754 683 825 729 vel
860 683 987 745 pacis
1020 681 1343 743 consolatione
1371 682 1634 744 respiraret.

246 764 364 806 Cum
404 763 559 823 itaque
599 778 739 824 supra
773 761 942 822 treugis
981 769 1120 821 atque
1157 758 1424 820 nuptiarum
1466 757 1639 803 foedere

246 838 378 883 multi
393 847 650 883 conventus
668 853 999 898 sermonesque
1026 835 1171 880 habiti
1194 835 1301 879 satis
1320 834 1401 879 diu
1422 834 1635 890 fuissent,

246 913 436 959 tandem
458 912 711 976 [tractatus]
728 912 786 957 de
807 922 1006 973 utroque
1032 910 1277 956 ambarum
1301 910 1505 973 partium
1526 926 1640 954 con-

249 1006 388 1035 sensu
410 990 617 1034 firmatus
639 989 748 1045 fuit;
776 989 1054 1048 fueruntque
1074 996 1245 1048 treugae
1269 986 1391 1031 initae
1417 995 1461 1029 et.
1478 986 1644 1046 juratae

248 1068 369 1112 inter
392 1083 520 1127 reges
544 1077 587 1111 et
609 1081 779 1128 regna,
809 1064 1039 1109 foederatis
1070 1064 1312 1125 utriusque
1348 1063 1394 1107 in
1426 1063 1490 1107 eis
1515 1079 1644 1108 com-

249 1142 506 1205 prehensiS.
535 1145 648 1197 Quae
683 1152 852 1203 treuga:
883 1141 1035 1203 primo
1065 1139 1258 1200 quidem
1290 1138 1349 1184 ad
1388 1140 1642 1184 triennium

250 1219 323 1264 vel
347 1219 569 1275 circiter‘2‚
594 1219 679 1263 sub
713 1235 794 1281 spe
824 1218 950 1280 pacis
986 1217 1176 1262 interim
1202 1216 1454 1262 tractandae
1476 1252 1486 1267 ,
1520 1217 1648 1262 factae

251 1297 454 1351 fuerunt,
482 1295 785 1357 postmodum
809 1310 921 1339 vero
947 1309 1031 1356 per
1054 1293 1202 1338 varias
1221 1294 1345 1338 vices
1364 1303 1642 1356 prorogatae,

252 1379 304 1415 ut
320 1371 377 1415 ad
395 1370 772 1432 quinquennium
789 1387 953 1432 usque,
973 1370 1045 1414 vel
1060 1369 1202 1432 paulo
1218 1369 1437 1432 amplius,
1462 1386 1648 1432 proces—

254 1448 412 1492 serint.
444 1450 676 1502 Quantam
701 1457 859 1493 autem
884 1446 1130 1490 utilitatem
1161 1446 1349 1491 Francis
1377 1446 1644 1504 attulerint,

256 1524 301 1569 in
326 1524 742 1585 consequentibus,
767 1524 803 1568 si
826 1526 952 1568 Deus
972 1522 1244 1578 donaverit,
1273 1522 1591 1568 ostendemus.

319 1603 523 1644 Fuerunt.
556 1600 695 1645 etiam
732 1616 841 1644 cum
878 1601 1156 1660 ll'largareta,
1200 1597 1294 1642 filia
1322 1598 1497 1661 praefati
1533 1599 1650 1660 regis

255 1676 434 1732 Siciliae,
461 1693 544 1738 per
563 1676 750 1720 Henrici
769 1677 886 1737 regis
903 1676 1156 1738 Anglorum
1179 1686 1535 1738 procuratores,
1563 1676 1654 1720 suf-

256 1752 431 1797 ficienti
451 1752 511 1798 ad
527 1751 616 1797 hoc
632 1761 859 1814 potestate
882 1752 1109 1809 suffultos⁷
1131 1751 1366 1814 sponsalia
1388 1752 1654 1815 nuptiaeque

258 1831 560 1887 contractae³3
589 1839 726 1892 atque
756 1830 865 1893 ipsis
900 1830 1008 1875 duci
1046 1828 1274 1874 Suffolciae
1313 1838 1359 1874 et
1395 1829 1655 1891 Anglorum

258 1905 534 1969 proceribus
570 1906 739 1951 tradita
770 1906 853 1950 suit
887 1907 986 1968 ipsa
1019 1905 1172 1969 puella
1199 1921 1224 1950 a
1265 1906 1567 1968 parentibus,
1595 1906 1654 1952 ad

259 1982 479 2027 maritum
504 1999 642 2027 suum
665 1981 944 2027 deducenda
962 1983 1009 2026 in
1035 1982 1245 2043 Angliam
1266 1999 1376 2028 cum
1409 1999 1657 2028 ornamen-

261 2060 318 2105 tis
342 2068 387 2104 et
404 2059 738 2121 paranymphis
758 2095 769 2117 ⁷
798 2068 972 2104 tantam
996 2068 1041 2104 et
1068 2068 1198 2104 tanto
1224 2069 1422 2122 nuptam
1456 2059 1657 2122 principi

260 2135 647 2182 condecentibus.
678 2137 782 2180 Non
819 2145 972 2182 tamen
1005 2137 1158 2181 statim
1191 2136 1239 2180 in
1278 2135 1485 2198 Angliam
1517 2135 1657 2181 ducta

263 2213 348 2258 suit
367 2229 475 2257 cum
498 2213 703 2275 primum
727 2222 896 2273 treugae
919 2212 1045 2258 factae
1063 2213 1250 2258 fuerunt
1268 2250 1281 2271 7
1302 2212 1383 2258 sed
1406 2222 1658 2275 postquam

266 2290 311 2334 in
336 2289 545 2350 Angliam
576 2304 787 2334 reversus
825 2288 976 2334 dictus
1013 2289 1107 2335 dux
1130 2288 1360 2334 Suffolciae
1382 2325 1393 2347 ,
1419 2289 1589 2334 iterum
1615 2299 1660 2335 et

318 2407 334 2439 1
348 2435 355 2442 .
388 2406 478 2440 Vers
500 2405 678 2441 retourne
698 2404 744 2441 de
767 2404 949 2441 l’Hercule
967 2407 1134 2441 Furieux
1151 2404 1197 2441 de
1222 2404 1407 2454 Seneque.

318 2465 356 2501 2.
388 2465 441 2499 La
475 2464 580 2500 treve
606 2476 653 2499 ne
682 2463 737 2499 sut
766 2463 923 2499 conclue
951 2476 1024 2512 que
1057 2476 1154 2513 pour
1190 2462 1423 2514 vingt-deux
1453 2464 1570 2511 mois,
1610 2464 1661 2501 du

268 2524 320 2557 1οΓ
347 2521 472 2568 juillet
498 2524 599 2558 1444
629 2536 677 2559 au
704 2524 756 2558 1⁶¹
781 2521 878 2559 avril
911 2524 1027 2560 1446.
1055 2524 1181 2558 L'acte
1209 2531 1264 2559 est
1293 2522 1385 2559 dans
1412 2523 1631 2560 Monstrelet
1650 2555 1659 2571 ,

266 2580 292 2616 l.
316 2583 352 2617 II
369 2610 378 2626 ‚
400 2581 459 2619 ch.
483 2595 640 2617 CCLxxv.

323 2642 357 2677 3.
390 2643 442 2677 Le
465 2637 631 2692 mariage
653 2653 700 2678 ne
727 2641 782 2677 fut
808 2641 997 2680 contracte
1022 2640 1137 2692 qu'au
1160 2642 1254 2679 mois
1284 2641 1419 2679 d’avril
1445 2641 1492 2679 de
1514 2641 1662 2681 l’annee

269 2699 440 2737 suivante
461 2700 593 2750 (1445)
618 2702 639 2737 ὲ
659 2700 789 2738 Nanci.
