2037 3442
362 287 437 321 238
740 284 1073 320 HISTORIARUM
1103 283 1280 318 CALOLI
1308 285 1379 318 VII

363 364 589 410 Robertus
627 366 769 419 Ver²‚
808 363 1020 424 quicum
1062 362 1218 406 multis
1253 363 1489 424 equitibus
1514 373 1737 409 veterano

362 457 465 485 rum
490 439 549 484 ad
567 455 739 496 novos,
762 438 798 483 si
818 438 1009 483 facultas
1032 438 1209 496 fuisset,
1228 439 1424 500 jungere
1443 455 1490 484 se
1505 449 1754 497 venerant;

361 516 449 561 sibi
463 515 589 561 enim
607 514 807 578 pedibus
827 515 968 560 timor
983 514 1164 560 addidit
1182 516 1291 560 alas.
1316 518 1381 560 Eo
1401 516 1563 575 modo,
1586 515 1760 561 scilicet

362 592 511 638 veloci
538 591 645 653 fuga
671 607 723 636 ac
750 590 1021 655 pernicibus
1057 591 1164 649 alis,
1199 590 1288 636 sibi
1316 592 1461 637 vitain
1493 602 1757 638 servarunt.

363 667 448 714 Alii
471 677 626 713 autem
651 684 780 731 paene
806 684 999 726 omnes,
1029 668 1109 730 qui
1144 669 1328 713 noviter
1351 684 1407 713 ex
1430 667 1591 729 Anglia
1614 677 1761 714 trans-

362 745 581 790 fretarant
601 781 611 803 ‚
631 745 733 790 czrsi
750 754 831 790 aut
851 744 973 808 capti
996 744 1197 790 fuerunt.
1221 745 1334 790 Caesi
1357 745 1404 790 in
1426 761 1481 790 eo
1499 744 1664 808 proelio
1689 761 1761 791 re-

363 822 633 869 ferebantur
650 838 789 886 supra
812 822 898 867 tria
928 822 1072 867 millia
1096 831 1142 867 et
1164 823 1473 885 quingentos,
1499 831 1544 867 et
1566 821 1761 867 totidem

363 915 495 963 paene
526 899 720 962 captivi,
754 898 835 961 qui
869 898 930 944 ad
962 901 1253 944 Francorum
1285 898 1492 943 civitates
1516 906 1561 942 et
1588 896 1762 960 oppida

363 975 577 1033 abducti,
605 975 827 1021 vilissimo
851 975 1002 1039 pretio
1021 1011 1032 1033 ‚
1060 975 1202 1021 veluti
1232 975 1340 1020 vilia
1372 974 1637 1038 mancipia,
1675 973 1765 1019 dis·

365 1051 689 1098 trahebantur.

433 1129 487 1171 Et
518 1127 745 1189 quoniam
770 1125 987 1171 secundae
1016 1141 1089 1171 res
1117 1125 1301 1170 animos
1324 1124 1552 1181 efferunt,
1580 1134 1625 1170 et
1648 1141 1673 1170 e
1700 1123 1766 1170 di-

368 1220 503 1250 verso
542 1204 763 1265 frangunt
798 1204 1086 1266 ejiciuntque
1123 1203 1355 1261 adversae,
1399 1219 1453 1248 ex
1495 1202 1766 1265 hujusmodi

367 1281 552 1326 sinistro
581 1289 776 1338 eventu,
814 1289 913 1325 tota
946 1279 1038 1325 fere
1070 1295 1175 1342 spes
1201 1278 1457 1341 Anglorum
1481 1278 1713 1338 concidit3
1741 1295 1766 1324 e

368 1367 532 1404 contra
555 1373 666 1403 vero
702 1357 866 1403 Franci
903 1356 963 1403 ad
997 1373 1307 1420 quaecumque
1342 1357 1563 1403 adversus
1597 1356 1768 1420 Anglos

368 1433 588 1480 audenda
608 1433 1040 1497 aggrediendaque,
1060 1450 1115 1479 ex
1136 1433 1409 1496 hujusmodi
1426 1434 1643 1491 victoria,
1665 1433 1767 1479 ani-

369 1528 474 1557 mus
496 1511 799 1557 vehementer
823 1511 1042 1557 accrevit.
1073 1510 1209 1556 Unde
1234 1511 1375 1574 paulo
1400 1520 1507 1575 post
1534 1527 1618 1574 per
1641 1509 1768 1556 illus-

371 1598 487 1634 trem
503 1588 725 1634 comitem
743 1591 1014 1634 Dunensem
1030 1587 1271 1633 mandavit
1293 1604 1374 1633 rex
1397 1587 1565 1634 urbem
1579 1587 1770 1633 Baiocas

372 1665 577 1711 obsideri
595 1703 606 1725 ‚
635 1665 868 1710 accersitis
885 1681 992 1710 curn
1008 1681 1088 1710 sua
1105 1665 1308 1726 equestri
1322 1665 1486 1711 militia
1507 1681 1563 1710 ex
1577 1664 1770 1710 diversis

372 1742 629 1788 Galliarum
652 1742 907 1805 provinciis
933 1741 1113 1803 magnis
1137 1741 1424 1804 pedestrium
1459 1741 1629 1804 copiis,
1652 1756 1770 1803 quos

372 1820 557 1866 francos
577 1818 836 1881 sagittarios
854 1817 1108 1881 appellant.
1136 1820 1239 1863 Jam
1261 1818 1387 1863 enim
1402 1854 1413 1875 ,
1434 1827 1541 1881 post
1553 1817 1769 1881 proelium

372 1895 588 1942 habitum
622 1895 750 1958 apud
780 1894 956 1941 dictam
991 1894 1148 1940 villam
1182 1895 1557 1954 Forminiacum,
1586 1894 1772 1939 desece—

375 1983 480 2019 rant
503 1972 562 2019 ab
590 1972 744 2034 Anglis
763 1972 923 2017 omnia
945 1971 1129 2017 castella
1161 1988 1263 2034 quae
1284 1972 1332 2016 in
1358 1971 1515 2017 clauso
1539 1973 1772 2016 Constan-

376 2049 544 2094 tinensi
588 2056 935 2112 recuperarant.
986 2049 1147 2093 Castra
1188 2047 1328 2109 igitur
1369 2056 1535 2092 contra
1582 2046 1773 2092 Baiocas

375 2126 525 2172 dictus
556 2141 714 2171 comes
748 2133 964 2182 metatus,
992 2125 1098 2171 licet
1120 2140 1291 2187 magno
1321 2124 1413 2169 illic
1441 2139 1642 2170 numero
1680 2126 1771 2169 An-

375 2203 481 2266 glici
499 2212 650 2249 essent
683 2212 728 2248 et
750 2218 899 2265 prope
923 2202 1050 2248 mille
1074 2212 1119 2248 et
1143 2203 1408 2265 quingenti,
1436 2211 1593 2248 tamen
1614 2237 1626 2261 ‚
1653 2202 1774 2247 intra

431 2337 468 2372 1.
505 2352 521 2367 «
541 2336 713 2382 Quorum
737 2332 913 2385 magister
932 2336 1020 2380 Ver,
1043 2332 1189 2370 comitis
1214 2332 1455 2371 Oxenfordiae
1480 2346 1682 2384 germanus
1696 2361 1706 2379 ‚
1728 2345 1775 2370 ex

377 2393 553 2440 Cadomi,
577 2392 774 2431 Matthaeus
794 2392 914 2439 Goth,
937 2405 983 2429 ex
1002 2392 1245 2439 Baiocarum,
1275 2400 1310 2430 et
1335 2392 1521 2430 Henricus
1542 2391 1773 2442 Norffibery,

380 2467 427 2490 ex
451 2453 563 2490 Viriae
591 2451 774 2503 praesidiis
801 2460 1100 2501 assumptorum,
1129 2450 1243 2488 duces
1270 2459 1396 2488 erant:
1420 2463 1497 2488 non
1522 2450 1592 2487 iste
1622 2458 1776 2487 vocatus

380 2513 557 2564 magister
576 2514 651 2549 Ver
667 2511 824 2559 alicujus
844 2512 1034 2562 praeclarae
1057 2511 1146 2548 artis
1170 2511 1362 2562 professor
1377 2511 1531 2548 exstitit.
1557 2513 1608 2548 Ut
1627 2509 1774 2560 accepi,

380 2584 460 2608 mos
481 2572 690 2622 Anglorum
713 2571 889 2618 inolevit,
911 2584 959 2608 ex
978 2571 1160 2621 praeclaro
1175 2579 1211 2608 et
1230 2571 1373 2621 potenti
1393 2583 1531 2621 genere
1552 2579 1635 2620 post
1652 2577 1774 2615 natos,

379 2630 576 2667 nominare
594 2630 814 2681 magistros3
835 2643 1000 2679 namque
1024 2630 1151 2667 forsan
1171 2629 1346 2678 aliorum,
1370 2643 1417 2666 ex
1439 2628 1620 2679 sanguine
1640 2627 1776 2664 minori

381 2696 665 2740 procreatorum
680 2719 688 2735 ‚
713 2689 751 2726 in
771 2688 870 2726 bello
901 2689 1069 2740 magistri
1092 2696 1128 2726 et
1153 2688 1328 2726 ductores
1346 2688 1572 2726 efficiuntur.
1599 2704 1612 2721 »
1637 2685 1779 2723 Robert

381 2747 559 2793 Blondel‚
580 2746 646 2784 lib.
668 2750 734 2795 IV,
755 2761 788 2785 c.
811 2761 854 2786 11.
