2037 3442
383 292 453 326 174
759 287 1092 322 HISTORIARUM
1120 286 1299 321 CAROLI
1327 288 1394 320 VH

379 367 564 414 terdum
613 380 711 408 esse
760 363 1071 408 necessariam
1097 398 1109 419 ‚
1155 378 1431 425 quanquam
1477 365 1641 425 aliquae
1683 369 1773 416 sint

378 440 648 505 respublicae
682 454 785 500 quae
814 437 993 483 nullam
1024 437 1220 496 hahere,
1265 438 1353 483 nisi
1383 438 1497 484 dum
1526 441 1775 488 necessitas

378 517 636 581 impulerit,
675 526 868 574 curent;
909 509 1003 577 qua
1025 516 1165 562 etiam
1189 516 1487 577 imminente,
1517 535 1613 564 non
1638 518 1778 565 aliam

378 610 519 658 quam
546 592 604 637 de
628 592 832 656 propriis
855 591 1058 644 civibuS,
1093 608 1121 638 a
1151 592 1320 655 quibus
1352 610 1537 656 semper
1565 611 1694 641 arma
1729 596 1775 641 in

378 670 523 715 domo
564 668 613 714 in
644 676 868 732 promptu
911 667 1170 727 habentur,
1210 668 1384 715 habere
1420 671 1598 716 volunt.
1648 674 1702 716 Et
1741 673 1778 717 si

381 746 496 791 Forte
522 754 649 790 tanta
672 744 898 806 ingruerit
919 744 1168 790 necessitas
1193 755 1244 791 ut
1275 747 1418 791 etiam
1434 746 1778 793 conductitium

381 822 575 868 militem
588 820 675 866 sibi
695 820 953 867 adsciscere
974 821 1289 867 necessarium
1309 822 1500 882 ducant,
1527 823 1574 868 id
1589 824 1777 886 quidem

380 899 555 945 faciunt
584 914 670 962 pro
714 897 859 943 modo
900 914 1213 961 mensuraque
1249 915 1437 946 suarum
1477 901 1774 958 facultatun13

380 975 559 1021 sublata
581 991 692 1020 vero
717 974 1009 1032 necessitate,
1030 974 1360 1037 hujuscemodi
1382 977 1595 1023 militiam
1612 1013 1623 1035 ,
1651 979 1779 1024 satis-

383 1054 501 1098 facto
543 1052 607 1097 eis
651 1068 738 1115 pro
774 1061 986 1115 tempore
1019 1068 1114 1112 quo
1154 1053 1414 1099 servierunt
1452 1053 1510 1099 de
1547 1054 1781 1117 stipendio

382 1141 643 1189 convento,
670 1130 729 1177 ad
751 1130 945 1193 propria
968 1130 1230 1175 remittunt.

859 1305 1191 1349 CAPITULUM
1227 1306 1303 1348 Vl.

383 1428 486 1472 Quod
507 1429 672 1462 naturalis
700 1428 789 1474 regis
814 1428 936 1461 militia
951 1455 960 1470 ,
980 1429 1109 1473 absque
1126 1427 1358 1473 stipendiariae
1382 1437 1483 1462 tantae
1502 1428 1758 1461 continuatione
1771 1455 1779 1469 ,

745 1486 790 1519 ad
807 1487 904 1532 regni
920 1487 1103 1520 tuitionem
1122 1487 1279 1521 sufficere
1295 1488 1416 1534 possit.

447 1585 539 1631 Sed
563 1602 670 1631 cum
694 1588 986 1630 Francorum
1009 1602 1208 1647 regnum
1240 1585 1298 1631 ab
1325 1586 1527 1647 antiquis
1564 1585 1783 1648 tempori-¹

385 1662 473 1707 bus
491 1671 768 1726 perpetuam
787 1661 1172 1724 ordinariamque
1192 1662 1347 1709 foveat
1363 1663 1678 1725 copiosissime
1696 1663 1782 1707 min

386 1737 554 1797 litiam,
590 1737 882 1784 nobilitatem
918 1737 1136 1784 videlicet
1163 1740 1317 1801 regni,
1357 1755 1499 1801 quam
1522 1738 1604 1783 ubi
1629 1754 1707 1783 rex
1736 1739 1783 1782 in

386 1815 590 1861 exercitu
627 1814 686 1859 de
716 1824 818 1859 toto
855 1831 1000 1876 regno
1037 1831 1203 1877 cogere
1235 1816 1396 1873 veliet,
1432 1816 1552 1861 ultra
1587 1815 1785 1878 quadra-

387 1892 513 1954 ginta
551 1891 694 1936 millia
736 1891 948 1953 equitum
994 1908 1246 1937 numerum
1286 1891 1587 1948 ascenderet,
1621 1901 1787 1953 praeter

387 1967 653 2031 pedestrem
677 1967 890 2012 militiam
909 1983 1052 2029 quam
1069 1968 1365 2013 innumeram
1389 1985 1537 2031 paene,
1567 1968 1603 2012 si
1628 1966 1783 2023 veliet,

388 2046 635 2106 ingruente
658 2044 931 2090 necessitate
947 2080 959 2102 ,
988 2055 1144 2109 posset
1178 2045 1483 2103 contrahere,
1510 2043 1640 2089 uuila
1663 2052 1787 2088 certe

389 2120 654 2183 reipublicae
675 2119 845 2164 utilitas
871 2136 1122 2183 exposcere
1138 2119 1340 2177 videtur,
1358 2119 1479 2165 ultra
1502 2119 1786 2165 ordinariam

391 2198 625 2249 militiam,
669 2197 744 2242 cui
791 2214 876 2261 per
919 2214 1084 2243 omnes
1133 2198 1264 2259 regni
1310 2198 1575 2260 provincias
1624 2196 1787 2260 populi

391 2275 676 2339 praediorum
700 2290 866 2321 census
885 2285 930 2320 et
952 2275 1134 2321 servitia
1157 2274 1315 2321 dehita
1335 2273 1626 2337 dependunt,
1650 2273 1789 2319 aliam

392 2352 730 2398 conductitiam
760 2351 1154 2416 superinducere,
1184 2350 1313 2398 etad
1336 2351 1568 2415 stipendia
1599 2350 1790 2396 ordina-

394 2429 458 2473 ria
475 2466 486 2488 ,
513 2446 643 2491 aeque
667 2429 713 2473 in
738 2445 854 2493 pace
877 2439 922 2474 et
945 2428 1075 2473 nullo
1096 2429 1371 2475 imminente
1394 2427 1538 2488 bello,
1564 2426 1790 2488 quemad-

397 2505 591 2550 modum
611 2516 837 2570 praesente
862 2515 908 2551 et
929 2506 1157 2564 instante,
1184 2506 1339 2551 fovere
1363 2514 1501 2567 atque
1525 2514 1699 2549 tenere..

464 2582 598 2642 Atqui
617 2583 740 2629 dicet
762 2583 994 2646 quispiam
1012 2598 1201 2628 causam
1218 2583 1446 2628 continuo
1468 2591 1791 2645 perpetuoque

398 2655 612 2714 subesse,
654 2675 734 2704 seu
771 2669 963 2723 propter
993 2668 1171 2704 metum
1207 2659 1492 2721 Anglorum,
1528 2656 1791 2720 antiquissi-

399 2748 584 2777 morum
609 2735 1062 2798 saevissimorumque
1085 2736 1290 2782 hostium
1314 2735 1467 2797 regni,
1494 2751 1573 2780 seu
1599 2742 1791 2797 propter
