2037 3442
724 313 868 348 LIBER
896 312 1126 358 QUIMUS.
1559 310 1634 345 313

225 394 357 459 quod
388 394 561 441 dietam
585 394 671 440 sibi
691 410 997 440 communem
1019 410 1044 439 a
1068 392 1262 439 medicis
1287 392 1510 439 indictam
1527 391 1637 437 satis

229 471 438 517 studiose
465 471 751 516 observaret.

292 548 507 594 Lasciviis
531 564 629 592 non
660 547 806 592 modo
838 547 885 591 in
920 548 1071 609 prima
1105 557 1264 606 aetate,
1303 563 1467 591 verum
1497 546 1637 592 etiam

221 625 319 687 jam
359 640 526 680 senex,
572 623 679 668 satis
725 632 772 667 et
811 639 954 685 supra
994 639 1137 684 quam
1180 623 1247 667 sas
1287 622 1637 684 honestumque

227 701 409 757 suisset,
454 698 640 744 deditus
684 697 769 743 suit
808 715 817 742 ε
858 698 906 743 in
945 697 1220 759 hujusmodi
1264 697 1638 744 ministrantibus

227 776 339 833 sibi,
372 777 453 838 qui
494 777 618 822 circa
666 792 714 822 se
761 775 985 835 aderant,
1031 775 1428 834 assentatoribus,
1466 784 1518 820 ut
1561 776 1639 822 tali

227 853 484 898 ministerio
511 852 608 913 ejus
631 851 720 897 sibi
744 853 939 914 gratiam
963 869 1017 898 ac
1046 852 1230 898 favores
1253 852 1504 915 ampliores
1527 868 1640 898 con-

227 928 452 975 ciliarent.
482 928 641 987 Unde,
668 938 884 993 tempore
907 939 1178 992 treugarum
1199 945 1302 991 quae
1330 929 1451 974 inter
1483 929 1639 993 ipsum

227 1015 272 1051 et
315 1005 530 1068 Anglicos
567 1015 878 1052 cucurrerunt
901 1009 928 1062 ¹,
972 1006 1140 1052 habuit
1180 1006 1228 1051 in
1275 1005 1452 1051 deliciis
1493 1022 1637 1052 unam

226 1083 510 1147 praecipuam
537 1083 644 1128 satis
670 1083 928 1129 formosam
948 1082 1302 1140 mulierculam,
1330 1098 1474 1144 quam
1499 1082 1639 1145 vulgo

231 1178 251 1198 α
278 1157 526 1220 pulchram
553 1160 775 1220 Agnetem
801 1178 822 1200 2>
850 1157 1154 1222 appellabant
1180 1176 1189 1202 :
1221 1174 1309 1203 nec
1332 1173 1439 1203 eam
1463 1158 1640 1221 quippe

227 1232 398 1292 solam,
426 1249 514 1279 nec
538 1235 638 1297 ipsa
665 1251 774 1281 eum
798 1235 978 1292 solum,
1007 1234 1090 1281 sed
1115 1250 1226 1280 cum
1249 1234 1351 1298 ipsa·
1368 1235 1510 1280 etiam
1533 1235 1642 1280 satis

227 1311 476 1373 copiosum
502 1327 689 1374 gregem
720 1311 1108 1358 muliercularum
1143 1311 1276 1357 omni
1309 1311 1527 1358 vanitatis
1563 1328 1641 1374 ge-

228 1387 330 1434 neri
375 1387 658 1435 deditarum.
709 1390 802 1445 Qui
844 1388 1067 1453 pellicum
1116 1406 1254 1452 grex,
1303 1388 1428 1453 proh
1468 1387 1636 1435 dolor!

228 1474 531 1528 sumptuosus
555 1466 696 1511 nimis
715 1475 855 1528 atque
880 1483 1110 1512 onerosus
1140 1482 1287 1528 regno
1309 1475 1421 1513 tunc
1442 1466 1643 1530 pauperi

228 1541 494 1588 exsistebat.
522 1545 640 1590 Nam
663 1559 859 1606 quoquo
883 1543 984 1607 ipse
1010 1561 1090 1590 rex
1119 1553 1360 1607 pergeret,
1399 1543 1479 1589 illo
1501 1544 1642 1589 etiam

230 1634 339 1663 cum
371 1629 599 1682 apparatu
639 1619 845 1683 luxuque
895 1620 1038 1681 regali
1082 1636 1270 1682 gregem
1304 1619 1437 1665 illum
1472 1619 1642 1666 advehi

231 1694 502 1757 oportebat,
544 1695 605 1741 ad
644 1712 849 1758 quarum
886 1696 1115 1741 vanitates
1155 1695 1415 1759 pascendas
1457 1695 1643 1741 infinita

231 1770 590 1833 quodammodo
608 1772 812 1835 pecunia
829 1770 1201 1835 expendebatur,
1222 1781 1268 1816 et
1284 1770 1424 1832 longe
1441 1770 1643 1834 amplior

232 1864 376 1910 quam
399 1858 543 1895 status
566 1849 736 1911 reginae
759 1858 1076 1894 consumeret.
1104 1851 1218 1904 Quae
1233 1883 1244 1905 ,
1269 1847 1377 1893 licet
1399 1847 1644 1894 nihilomi-

232 1940 321 1969 nus
343 1934 526 1970 tantum
553 1925 716 1985 studii,
746 1926 902 1988 gratiae
932 1941 985 1971 ac
1014 1925 1184 1970 favoris
1210 1924 1388 1970 eisdem
1413 1925 1644 1988 impartiri

233 2016 330 2046 non
355 2001 615 2063 ignoraret,
643 2001 927 2065 easdemque
957 2001 1248 2065 frequentius
1275 2001 1416 2046 simul
1447 2017 1557 2046 cum
1589 2018 1643 2047 ea

234 2079 281 2124 in
311 2078 479 2125 eodem
509 2088 662 2125 castro
698 2096 778 2125 seu
809 2079 982 2143 palatio
1016 2079 1155 2125 sciret
1190 2078 1417 2141 hospitari
1443 2116 1454 2133 ‚
1486 2087 1641 2123 tamen

234 2154 507 2217 patientiam
538 2164 754 2217 praestale
787 2154 874 2200 sibi
901 2171 1020 2218 opus
1045 2164 1168 2212 erat,
1199 2154 1261 2200 ita
1289 2163 1341 2200 ut
1366 2170 1452 2199 nec
1475 2154 1644 2199 mutire

234 2242 485 2295 propterea
525 2247 692 2277 ausum
733 2230 944 2276 haberet.
992 2234 1086 2277 Nec
1123 2248 1235 2277 vero
1273 2230 1361 2276 sibi
1402 2230 1646 2277 dumtaxat

234 2308 344 2354 inde
389 2307 601 2371 querelas
648 2308 796 2354 facem
842 2307 1104 2371 periculum
1150 2317 1272 2366 erat,
1324 2306 1406 2352 sed
1453 2316 1496 2351 et
1536 2324 1646 2353 cum

234 2385 370 2431 alicui
404 2384 536 2431 bono
565 2394 610 2431 et
641 2384 844 2431 honesto
875 2384 1059 2430 homini
1090 2385 1259 2448 aliquis
1287 2401 1459 2431 canum
1482 2385 1645 2448 palati-

292 2529 328 2564 1.
365 2529 479 2566 1444.
502 2527 588 2564 Cela
604 2526 704 2574 joint
723 2528 743 2563 a
764 2539 806 2563 ce
831 2539 905 2576 que
934 2526 1097 2563 l⁷auteur
1127 2526 1181 2563 dit
1210 2526 1297 2576 plus
1324 2525 1400 2563 loin
1425 2525 1471 2564 de
1492 2526 1527 2562 la
1547 2535 1646 2563 mort

235 2586 402 2637 &Agnes
420 2614 429 2632 ,
451 2586 600 2622 arrivee
626 2587 772 2631 instare
786 2589 993 2632 juventutis
1009 2615 1018 2632 ‚
1041 2585 1137 2623 rend
1157 2586 1447 2636 tres-suspectes
1468 2585 1522 2621 les
1544 2585 1647 2622 dates

235 2644 282 2681 (le
303 2645 405 2680 <1434
426 2652 463 2680 et
486 2645 587 2681 1436
607 2674 616 2691 ,
639 2648 757 2694 qu'on
787 2643 937 2694 assigne
953 2674 962 2691 ,
991 2658 1076 2681 sans
1101 2644 1324 2681 documents
1345 2646 1365 2681 a
1383 2644 1526 2694 l’appui
1541 2673 1551 2691 ‚
1571 2658 1645 2682 aux

235 2703 450 2741 naissances
477 2702 525 2740 de
557 2716 615 2741 ses
636 2702 737 2741 deux
759 2703 967 2754 premieres
995 2703 1101 2741 stilles.
1123 2706 1218 2754 Voy.
1238 2702 1361 2740 Vallet
1381 2701 1427 2739 de
1447 2701 1618 2740 Viriville
1635 2730 1644 2745 ,

235 2763 260 2800 l.
284 2776 317 2799 c.
341 2775 379 2812 p.
404 2763 494 2798 477.
