2142 3473
496 324 544 358 24
860 319 1200 357 HISTORIARUM
1229 320 1409 357 CAROLI
1437 321 1505 356 VII

496 402 622 447 unde
650 400 882 447 creditum
906 410 975 445 est
1004 399 1129 445 hanc
1154 399 1338 446 cladem
1364 402 1551 448 Francis
1577 402 1800 448 divinitus
1823 404 1899 447 in-

494 479 669 524 flictam
698 493 785 541 pro
807 477 983 523 meritis
1016 477 1312 540 impietatum
1338 486 1384 523 et
1407 477 1760 537 crudelitatum,
1787 494 1902 541 quas

492 564 594 600 tum
611 554 659 599 in
688 555 861 599 multos
879 588 890 612 ,
915 563 1017 598 tum
1037 553 1278 617 potissime
1296 554 1345 599 in
1368 553 1489 599 illius
1510 556 1639 602 urbis
1659 557 1902 602 eversione

493 644 636 697 atque
655 649 898 680 sacrorum
920 632 1203 697 direptione,
1220 634 1573 680 commiserant.
1591 638 1660 681 De
1681 653 1776 699 quo
1796 652 1902 681 sen-

492 715 574 761 tiet
610 715 809 778 quisque
837 723 980 778 prout
1013 713 1242 772 voluerit3
1286 729 1374 759 nos
1414 714 1541 760 enim
1564 731 1722 761 rerum
1755 725 1902 779 gesta-

492 808 599 837 rum
630 791 837 838 veridica
863 790 1136 836 narratione
1169 790 1412 851 contenti,
1447 807 1615 837 arcana
1640 793 1903 839 Divinitatis

492 886 638 935 opera
668 871 770 916 aliis
805 869 1125 929 discutienda,
1154 870 1236 933 qui
1260 869 1353 916 hoc
1378 871 1762 935 praesumpserint
1784 908 1795 930 ‚
1833 888 1905 918 re-

492 950 771 1014 linquimus.

559 1034 610 1077 In
629 1047 686 1076 eo
703 1029 867 1095 proelio
879 1030 974 1076 dux
988 1030 1250 1091 Britanniae,
1269 1033 1292 1075 J
1296 1030 1528 1088 ohannes,
1544 1029 1652 1077 licet
1667 1040 1903 1090 evocatus,

496 1125 594 1154 non
618 1108 791 1168 adfuit;
816 1107 921 1165 sed,
948 1125 1058 1154 cum
1082 1107 1323 1155 Ambianis
1348 1124 1495 1171 usque
1518 1106 1780 1155 devenisset
1798 1126 1908 1156 cum

495 1202 670 1248 magno
694 1201 890 1232 suorum
918 1185 1164 1231 Britonum
1187 1202 1412 1245 numero,
1433 1185 1514 1248 qui
1536 1184 1597 1232 ad
1617 1184 1782 1232 decem
1805 1186 1909 1231 mil-

495 1262 557 1308 lia
583 1263 793 1308 virorum
828 1263 1148 1308 communiter
1182 1262 1555 1322 aestimabantur,
1591 1262 1684 1309 illic
1709 1265 1908 1327 experiri

497 1338 660 1385 maluit
688 1338 801 1384 belli
830 1348 1078 1397 eventum,
1104 1354 1248 1402 quam
1280 1356 1327 1385 se
1358 1339 1554 1402 propius
1581 1339 1798 1402 periculis
1820 1340 1908 1386 ad-

497 1433 707 1464 movere.
746 1415 972 1462 Confecto
1013 1432 1220 1478 namque
1261 1416 1429 1480 proelio
1462 1415 1523 1462 ad
1557 1416 1778 1479 propria,
1812 1433 1907 1462 non

497 1496 598 1542 sine
632 1511 780 1560 parvo
818 1494 1036 1541 locorum
1067 1493 1379 1553 detrimento,
1408 1510 1491 1558 per
1528 1509 1631 1556 quae
1663 1495 1909 1541 transitum

499 1572 723 1629 faciebat,
747 1588 835 1618 nec
855 1573 965 1619 visis
984 1570 1177 1635 quidem
1194 1570 1434 1630 hostibus,
1460 1571 1700 1616 remeavit.

989 1772 1329 1818 CAPITULUM
1364 1774 1401 1816 X
1412 1807 1421 1816 .

501 1901 657 1944 Qualiter
669 1900 867 1945 Anglorum
880 1910 953 1942 rex⁷
965 1906 1149 1944 postquam
1162 1896 1326 1943 proelium
1337 1904 1519 1943 peractum
1536 1897 1613 1942 fuit,
1626 1898 1784 1943 Angliam
1798 1898 1909 1944 petiit.

549 1961 593 1994 Et
620 1971 695 2005 quae
714 1958 853 1992 interim
872 1965 944 1991 tam
971 1968 1034 2002 per
1059 1968 1139 1989 eum
1153 1981 1162 1999 ,
1180 1968 1284 2001 quam
1308 1968 1371 2002 per
1392 1957 1545 1991 Francos
1558 1982 1567 1999 ‚
1594 1965 1685 2002 gesta
1704 1957 1833 1991 fuerint
1851 1970 1912 2003 per

548 2018 730 2053 biennium
747 2044 755 2060 ‚
771 2029 841 2062 quo
858 2017 895 2049 in
909 2015 1034 2061 Anglia
1049 2016 1152 2049 stetit.

569 2139 689 2183 Cum
705 2144 862 2182 autem
880 2133 1032 2180 dictus
1058 2133 1316 2197 Anglorum
1335 2149 1413 2179 rex
1428 2170 1440 2193 ,
1466 2149 1517 2178 ex
1541 2133 1738 2180 victoria
1756 2133 1913 2197 hujus-

505 2213 694 2260 cemodi
716 2228 814 2258 non
835 2211 1138 2258 mediocriter
1156 2210 1321 2269 elatus,
1348 2227 1458 2256 cum
1477 2210 1672 2274 captivis
1695 2220 1741 2257 et
1756 2212 1914 2275 praeda

506 2290 654 2337 multa
676 2290 724 2335 in
751 2288 963 2352 Angliam
989 2305 1037 2334 se
1067 2288 1340 2353 recepisset,
1371 2304 1468 2333 non
1497 2303 1551 2333 ea
1578 2291 1912 2337 tantummodo

504 2385 665 2415 rerum
686 2367 903 2413 felicitate
924 2375 1197 2424 contentus,
1219 2365 1278 2411 ad
1298 2365 1426 2430 pacis
1449 2365 1544 2411 otia
1563 2375 1608 2412 et
1622 2367 1789 2429 quietis
1814 2384 1915 2414 sua-

505 2446 697 2491 vitatem
733 2460 781 2490 se
815 2443 1040 2501 contulit3
1077 2441 1159 2489 sed
1196 2442 1374 2505 majora
1415 2443 1576 2489 animo
1611 2443 1833 2503 volvens,
1871 2454 1914 2490 et

508 2537 612 2585 quae
644 2520 730 2566 sibi
751 2521 874 2583 jam,
907 2519 1115 2566 secunda
1145 2519 1355 2580 fortuna,
1385 2529 1518 2584 parta
1549 2520 1757 2577 fuerant,
1784 2523 1911 2584 parvi

505 2598 703 2652 faciens,
738 2598 799 2644 ad
824 2596 1196 2661 aggrediendum
1219 2597 1378 2643 denuo
1396 2600 1685 2644 Francorum
1718 2614 1911 2662 regnum

506 2685 647 2738 atque
677 2676 1036 2733 Normanniam,
1060 2691 1163 2737 quae
1178 2677 1188 2700 ¹
1206 2674 1266 2721 ad
1283 2691 1330 2721 se
1344 2675 1448 2738 jure
1469 2675 1765 2722 haereditario
1788 2692 1914 2739 spec-

561 2807 578 2842 1
591 2833 600 2843 .
633 2807 736 2853 Quas
755 2803 849 2841 dans
869 2803 905 2841 le
927 2802 1145 2842 manuscrit.
