2037 3442
376 315 388 348 i
402 314 449 347 ⁴12
754 313 785 345 H
790 311 1093 347 ISTORIARUM
1120 311 1177 346 CA
1183 311 1297 346 ROLI
1325 314 1393 347 VII

370 393 501 449 dum,
522 392 723 436 emensis
740 407 870 453 paene
888 400 995 436 octo
1011 391 1146 436 annis
1165 391 1239 435 vel
1258 407 1450 450 novem,
1468 392 1593 454 ipsos
1614 393 1772 441 fecisse

370 476 565 512 constat.
590 466 681 512 Sed
715 466 925 529 profecto
949 467 995 512 in
1023 466 1186 511 militia
1213 468 1416 512 Franciae
1444 468 1600 514 nullus
1633 471 1770 529 ordo,

370 543 497 589 nulla
537 543 811 605 dispositio,
842 543 971 589 nulla
1007 542 1255 606 disciplina
1289 544 1550 591 secundum
1591 546 1772 592 institu-

370 621 522 666 tiones
556 630 602 666 et
634 630 867 684 praecepta
901 621 968 666 rei
1009 620 1220 666 militaris
1259 620 1581 679 servabantur,
1621 641 1774 687 neque

369 696 456 742 sub
478 713 678 742 numero
704 706 749 742 et
772 696 1006 760 stipendio
1031 696 1231 759 regulari
1255 696 1559 755 tenebantur;
1586 700 1667 745 sed
1691 717 1774 764 per

370 773 559 833 turbas,
589 772 677 819 sub
710 774 765 819 iis
795 789 915 835 quos
950 773 1037 819 sibi
1067 783 1392 838 proponerent
1417 772 1585 834 duces,
1611 792 1772 839 perva-

370 859 529 911 gantes
554 866 719 896 omnes
752 867 884 913 paene
912 860 1067 913 partes
1099 860 1144 896 et
1177 851 1446 914 provincias
1481 851 1658 907 Galliae,
1702 869 1774 899 ra-

369 927 550 990 pientes
574 944 885 990 quaecumque
916 927 1155 986 libuisset,
1183 937 1229 973 et
1251 926 1382 973 villas
1411 937 1552 991 atque
1579 929 1770 992 oppida,

369 1021 472 1066 quae
495 1014 660 1051 contra
683 1022 820 1051 suum
854 1006 1085 1068 impetum
1123 1022 1170 1050 se
1203 1005 1322 1050 tueri
1345 1005 1539 1051 minime
1562 1016 1770 1069 possent,

369 1081 623 1143 spoliantes
646 1098 699 1128 ac
720 1083 1010 1147 diripientes,
1031 1098 1058 1127 a
1081 1081 1214 1127 nullo
1233 1098 1281 1127 se
1305 1098 1474 1142 genere
1499 1082 1774 1144 injurIarum

369 1157 683 1206 abstinebant.
733 1163 798 1205 Ex
843 1177 938 1224 quo
981 1159 1184 1223 plurima
1224 1159 1412 1204 vastitas
1458 1168 1503 1204 et
1547 1159 1774 1206 desolatio

370 1235 415 1279 in
469 1252 614 1296 regno
676 1253 759 1299 per
814 1254 980 1283 omnes
1032 1235 1175 1300 ipsius
1226 1244 1379 1298 partes
1432 1247 1769 1299 provenerunt.

371 1312 569 1357 Maxime
602 1323 760 1358 autem
798 1315 1010 1359 animum
1044 1311 1354 1357 intendebant
1392 1321 1536 1358 terras
1574 1324 1770 1371 vastare,

371 1404 473 1449 quae
502 1388 589 1434 sub
622 1390 881 1452 Anglorum
918 1391 1098 1436 ditione
1132 1389 1472 1448 consisterent,
1512 1400 1611 1436 erat
1650 1392 1774 1436 enim

371 1465 531 1511 tritum
552 1476 665 1512 tunc
693 1468 936 1513 communi
960 1482 1178 1512 sermone
1202 1466 1506 1529 proverbium
1530 1467 1590 1512 ad
1613 1469 1740 1530 ipsos
1761 1503 1772 1525 ,

377 1561 396 1583 c<
427 1542 592 1588 melius
617 1553 789 1589 terram
821 1544 975 1589 valere
1005 1552 1250 1601 vastatam,
1275 1559 1420 1605 quam
1449 1543 1723 1606 perditam¹,
1753 1566 1775 1587 ))

373 1634 474 1663 eam
524 1619 813 1682 appellantes
856 1620 1090 1683 perditam
1135 1635 1279 1682 quam
1327 1619 1486 1665 hostes
1524 1621 1772 1681 tenebant,

373 1695 601 1757 quamdiu
636 1696 725 1742 sub
767 1714 933 1742 eorum
970 1707 1200 1759 potestate
1238 1707 1464 1743 maneret.
1498 1700 1617 1742 Cum
1661 1716 1774 1746 vero

374 1772 513 1817 etiam
549 1771 749 1833 Anglici,
774 1773 1007 1836 praecipue
1035 1783 1142 1836 post
1175 1771 1359 1817 obitum
1395 1772 1525 1817 ducis
1564 1774 1776 1820 Betlifor-

375 1847 463 1893 diae
475 1851 504 1905 ²,
531 1849 578 1893 in
613 1849 746 1894 terris
783 1866 885 1911 quae
909 1849 994 1895 sibi
1018 1859 1253 1912 parerent,
1284 1866 1380 1894 non
1420 1850 1704 1898 dissimiliter
1728 1853 1774 1897 in

376 1924 571 1987 praedis,
611 1926 786 1989 rapinis
823 1936 870 1971 et
905 1925 1109 1971 caedibus
1143 1942 1190 1971 se
1230 1925 1487 1984 haberent,
1526 1929 1778 1991 populares

376 2018 486 2048 rura
503 2003 760 2049 incolentes
783 2004 1108 2051 miserabiliter
1130 2008 1468 2070 opprimentes,
1496 2008 1671 2053 incolas
1694 2022 1777 2071 pa-

380 2080 475 2125 triae
498 2097 660 2126 exesos
680 2082 952 2128 mirabiliter
974 2082 1282 2129 reddiderunt
1306 2095 1351 2129 et
1374 2085 1642 2130 effecerunt.

433 2257 469 2292 1.
502 2257 558 2292 En
575 2255 735 2305 francais
757 2271 764 2291 z
789 2274 804 2289 ι(
832 2264 931 2293 terre
960 2256 1084 2307 gastee
1104 2256 1208 2293 vault
1228 2256 1369 2294 mieulx
1389 2270 1463 2307 que
1484 2257 1641 2307 perdue.
1669 2274 1684 2290 υ

434 2317 472 2352 2.
504 2318 601 2354 Mort
615 2316 650 2354 le
666 2319 714 2354 13
727 2315 940 2367 septembre
955 2319 1056 2354 ‘1435
1078 2316 1128 2354 du
1148 2317 1303 2368 chagrin
1318 2331 1392 2367 que
1411 2317 1464 2354 lui
1486 2330 1598 2354 causa
1617 2317 1651 2354 le
1671 2316 1780 2353 traite

382 2374 549 2412 d'Arras.
