2037 3442
458 299 532 332 ⁰230
830 293 1164 331 HISTORIARUM
1191 294 1367 329 CAROLI
1394 296 1463 329 VII

460 380 653 438 Propter
687 374 817 436 quod
847 374 1253 439 finaliterssspreta
1281 389 1449 419 eorum
1471 376 1714 436 rogatione
1744 388 1847 424 tan-

458 467 598 512 quam
623 450 815 511 injusta,
842 466 937 496 non
960 449 1186 496 arbitratu
1208 466 1293 495 suo
1308 486 1320 510 ,
1344 449 1424 495 sed
1445 466 1532 514 pro
1550 452 1675 514 regia
1695 455 1850 515 potius

458 526 724 583 voluntate,
752 526 957 572 abeundi
982 543 1091 573 cum
1112 526 1251 572 bonis
1274 543 1330 572 ex
1358 526 1468 590 ipsis
1492 527 1676 574 arcibus
1706 529 1850 576 facul-

459 613 600 649 tatem
635 613 949 666 acceperunt3
979 619 1082 666 quae
1122 603 1185 649 ita
1209 612 1365 648 tamen
1396 602 1461 648 eis
1489 604 1712 666 permissa
1736 605 1821 651 fuit
1839 643 1850 665 ,

457 679 613 743 quod,
654 679 775 724 intra
811 689 991 725 certum
1028 689 1074 725 et
1110 678 1391 743 praefinitum
1426 678 1577 738 diem,
1617 690 1853 728 certorum

458 764 718 802 castrorum
757 765 896 818 atque
940 756 1231 820 oppidorum
1267 756 1611 819 possessionem
1647 758 1693 803 in
1735 759 1854 820 regis

459 835 747 878 Francorum
780 849 948 879 manus
982 833 1056 878 vel
1089 849 1284 878 suorum
1320 832 1581 892 traderent,
1609 843 1655 879 et
1684 850 1738 880 ea
1770 835 1856 881 sibi

461 908 772 955 redderentur
800 927 809 954 :
836 909 959 954 inter
989 925 1091 971 quae
1115 919 1214 954 erat
1236 918 1440 954 castrum
1463 908 1521 954 de
1544 910 1850 956 Honnessutu.

461 986 566 1031 Dati
604 995 713 1031 sunt
747 995 933 1044 autem,
970 1002 1058 1049 pro
1094 985 1290 1047 hujusce
1317 986 1657 1048 promissorum
1688 986 1853 1050 imple-

464 1072 648 1118 mento,
675 1063 722 1108 in
758 1062 946 1108 obsides
981 1062 1202 1108 dominus
1226 1062 1284 1107 de
1316 1061 1526 1119 Tczlebot,
1555 1079 1713 1109 comes
1737 1063 1854 1109 Che-

462 1140 786 1198 rosberiensis,
807 1140 1028 1186 dominus
1048 1141 1301 1185 Dosmont¹
1324 1155 1432 1185 cum
1453 1139 1735 1202 quibusdam
1757 1140 1856 1187 aliis

464 1216 702 1262 nobilibus
723 1217 919 1279 Angliae3
944 1218 1049 1280 qui,
1070 1217 1177 1262 licet
1192 1225 1356 1262 caetera
1374 1215 1627 1280 adimpleta
1646 1216 1854 1275 fuissent,

464 1294 575 1356 quia
604 1303 759 1339 tamen
796 1295 826 1338 ii
853 1295 933 1356 qui
956 1294 1002 1339 in
1033 1293 1318 1339 Honneflutu
1343 1309 1429 1355 pro
1455 1292 1669 1339 custodia
1699 1303 1854 1352 erant,

466 1369 757 1415 deditionem
783 1370 978 1416 minime
1002 1370 1150 1416 faeere
1171 1369 1446 1428 voluerunt,
1468 1386 1633 1415 omnes
1649 1406 1661 1429 ,
1681 1369 1744 1415 ob
1763 1387 1861 1415 non

467 1446 678 1509 impletas
718 1445 777 1491 ad
818 1447 1074 1509 perfectum
1108 1447 1473 1511 promissiones,
1512 1447 1560 1492 in
1600 1447 1864 1510 captivitate

469 1523 658 1569 fuerunt
680 1524 864 1569 retenti.

533 1601 601 1644 Eo
626 1599 779 1662 igitur,
803 1615 899 1661 quo
920 1599 1218 1663 praediximus
1240 1599 1410 1660 modo,
1433 1600 1546 1646 urbs
1566 1601 1759 1663 insignis
1783 1604 1868 1646 Ro-

469 1677 771 1739 thomagum,
809 1678 951 1723 totius
982 1676 1281 1725 Normanniae
1315 1678 1587 1742 metropolis
1622 1688 1668 1724 et
1699 1687 1864 1742 caput,

469 1770 526 1800 ex
550 1754 809 1816 Anglorum
832 1754 1036 1815 ditione,
1063 1755 1145 1817 qui
1169 1771 1273 1801 eam
1295 1755 1477 1800 circiter
1505 1771 1590 1818 per
1613 1771 1763 1800 annos
1783 1755 1868 1799 tri-

470 1833 596 1895 ginta
634 1841 725 1877 tres
757 1840 1023 1887 tenuerant,
1055 1832 1115 1878 ad
1148 1832 1267 1894 regis
1297 1835 1584 1877 Francorum
1619 1831 1868 1895 imperium

469 1924 654 1954 reversa
677 1917 744 1953 est
767 1945 778 1968 ,
802 1909 976 1954 civium
1000 1907 1166 1972 procul
1195 1907 1343 1953 dubio
1375 1908 1530 1971 potius
1559 1907 1800 1953 voluntate
1824 1917 1871 1953 et

472 1988 672 2034 [actione
685 2024 695 2044 ,
716 2003 858 2049 quam
875 1987 1050 2033 viribus
1068 1997 1210 2050 atque
1226 1987 1438 2050 potentia
1455 2002 1697 2031 armorum
1711 2023 1722 2045 ,
1743 2002 1870 2032 anno

471 2064 652 2110 domini
678 2080 953 2110 MCCCCXLIX.
975 2100 986 2123 ,
1013 2065 1148 2110 tertia
1176 2073 1255 2109 aut
1285 2071 1451 2125 quarta
1481 2061 1556 2108 die
1578 2072 1686 2109 ante
1710 2062 1870 2109 kalen-

471 2141 554 2187 das
577 2140 885 2187 novembris2.
1782 2137 1784 2141 ’

537 2217 662 2263 Licet
682 2226 838 2262 autem
864 2216 1042 2263 civibus
1066 2232 1150 2279 per
1173 2232 1330 2278 regem
1356 2232 1559 2278 suosque
1583 2215 1746 2261 fuisset
1768 2214 1872 2279 pol-

470 2294 651 2339 licitum
682 2293 813 2357 quod
838 2310 935 2340 non
964 2294 1345 2357 permitterentur
1370 2293 1548 2354 Anglici
1574 2292 1725 2353 abire,
1753 2308 1873 2355 quos

471 2372 593 2417 intra
619 2388 748 2417 arces
770 2371 910 2417 veluti
936 2371 1146 2434 captivos
1178 2370 1532 2429 concluserant,
1562 2370 1650 2415 nisi
1673 2369 1874 2416 satisfac·
1927 2368 1937 2378 ⁸

524 2528 559 2562 1.
594 2528 689 2561 Jean
701 2523 873 2562 Chartier
893 2523 946 2560 dit
963 2539 971 2560 :
1003 2541 1018 2556 «
1035 2526 1087 2561 Le
1107 2523 1163 2561 fils
1181 2523 1233 2561 du
1254 2531 1376 2560 comte
1392 2522 1604 2570 d’Osmont,
1627 2520 1817 2558 d'Irlande
1836 2538 1870 2560 ».

475 2587 576 2620 Dans
599 2583 809 2632 Godefroy,
833 2597 870 2633 p.
896 2586 988 2622 479.

524 2645 561 2678 ΕΖ.
594 2646 662 2678 Les
679 2643 832 2692 Anglais
853 2656 891 2679 sc
913 2643 1114 2679 retirerent
1129 2642 1163 2678 lc
1184 2645 1204 2678 4
1224 2640 1453 2686 novembre;
1471 2640 1506 2677 le
1524 2639 1581 2677 roi
1599 2640 1637 2676 sit
1657 2651 1722 2675 son
1743 2637 1872 2674 entree

471 2699 564 2736 (lans
585 2700 618 2736 la
638 2700 727 2736 ville
750 2702 782 2736 le
800 2703 848 2737 10
870 2701 918 2737 du
942 2703 1064 2738 meme
1085 2700 1178 2737 mois
1192 2730 1201 2747 ,
1224 2701 1334 2750 apres
1356 2713 1430 2748 que
1450 2698 1591 2735 l'ordre
1611 2704 1674 2733 eut
1693 2695 1750 2732 cte
1770 2708 1873 2731 com-

472 2758 676 2807 pletement
695 2758 841 2794 rctabli.
