2037 3442
387 304 460 340 118
753 296 1091 333 HISTORIARUM
1120 295 1298 330 CAROLI
1327 296 1394 330 VII

385 398 487 444 quae
511 391 611 425 tum
640 378 734 424 illic
757 375 1044 422 atrocissime
1067 373 1355 419 saeviebant1.
1394 374 1486 420 Sed
1513 391 1598 421 nec
1626 392 1778 439 pauco

384 468 598 518 tempore
617 453 715 498 haec
739 452 896 515 patriae
918 449 1040 495 illius
1057 449 1243 495 vastitas
1261 458 1402 511 atque
1424 449 1624 496 desertio
1643 451 1780 497 dura-

385 533 465 578 vit.
493 530 661 576 Mansit
693 529 820 574 enim
854 525 976 572 ultra
1005 526 1170 572 decem
1198 541 1373 583 annos,
1409 536 1460 572 ut
1490 527 1708 573 salicibus
1737 538 1782 573 et

387 605 635 654 arboribus
658 605 821 661 variis,
844 603 989 666 spinis
1012 618 1066 647 ac
1086 602 1310 662 dumetiS‚
1338 618 1503 649 omnes
1524 605 1621 666 agri
1640 605 1689 649 in
1710 604 1784 649 sil·

386 701 552 730 varum
576 699 758 729 morem
782 680 1166 727 densissimarum
1190 689 1483 741 tegerentur7
1525 690 1568 726 et
1599 682 1782 727 viarum

387 771 526 824 atque
550 761 771 806 itinerum
796 759 872 804 vix
894 756 987 802 ulla
1003 757 1100 818 jam
1122 765 1402 819 apparerent
1424 756 1631 817 vestigia.

452 838 608 885 Talem
632 838 789 900 itaque
809 844 853 881 et
876 844 971 880 tam
994 832 1345 879 lamentabilem
1371 832 1551 879 cladem
1575 833 1652 878 illa
1674 843 1786 878 tunc

389 916 517 977 regio
541 914 758 960 sustinuit
774 929 799 958 a
813 913 1030 974 Sequana
1047 909 1190 955 fluvio
1206 926 1350 972 usque
1371 909 1431 955 ad
1448 911 1759 955 Summonam
1769 944 1782 965 ,

391 1002 436 1037 ct
461 991 520 1038 ab
548 995 671 1037 Isara
699 1006 848 1053 usque
873 988 933 1033 ad
964 990 1235 1045 Oceanum3
1274 1002 1417 1049 quam
1447 985 1612 1049 procul
1644 984 1788 1030 dubio

392 1070 523 1116 facile
559 1070 732 1115 evitare
764 1067 1019 1131 potuisset,
1048 1065 1084 1109 si
1111 1065 1157 1109 in
1193 1064 1381 1109 Francis
1412 1062 1506 1108 ulla
1528 1062 1671 1121 fides,
1698 1061 1791 1108 ulla

392 1148 539 1211 pietas
585 1156 630 1191 et
666 1145 876 1191 militaris
911 1141 1158 1205 disciplina
1199 1150 1311 1187 tunc
1354 1140 1564 1186 fuissent·
1603 1143 1720 1186 Nam
1757 1141 1791 1184 si

391 1223 484 1269 illic
506 1224 770 1286 quingentae
790 1218 1120 1267 tantummodo
1137 1218 1327 1276 lanceae,
1348 1217 1408 1262 ad
1427 1216 1793 1263 conducendum

392 1299 523 1345 illum
548 1303 836 1345 Francorum
861 1297 958 1358 regi
980 1295 1334 1341 devotissimum
1357 1293 1610 1357 populum,
1646 1295 1794 1340 missae

395 1375 587 1421 fuissent
605 1376 692 1421 sub
714 1374 820 1420 fidis
843 1372 1043 1419 ducibus
1060 1409 1070 1428 ‚
1098 1370 1440 1435 rempublicam
1463 1371 1595 1417 cordi
1616 1370 1796 1416 haben-

396 1452 520 1498 tibus
535 1490 548 1510 ,
568 1463 614 1498 et
632 1452 1009 1513 Rothomagum,
1034 1459 1079 1495 et
1095 1459 1260 1495 caetera
1276 1448 1399 1494 illius
1415 1450 1573 1512 patriae
1593 1448 1770 1512 oppida
1784 1484 1794 1504 ‚

396 1530 560 1576 labore
584 1539 630 1576 et
652 1529 870 1594 periculis
892 1528 1014 1574 illius
1034 1526 1201 1589 optimi
1217 1525 1407 1589 populi,
1430 1525 1607 1588 absque
1626 1541 1798 1588 magno

398 1617 443 1653 et
467 1607 642 1652 difficili
675 1607 892 1668 negotio,
919 1611 1299 1666 recuperassent,
1327 1611 1373 1647 et
1400 1601 1459 1648 de
1492 1601 1649 1664 Anglis
1673 1602 1800 1648 illam

399 1685 598 1747 patriam
620 1691 948 1746 repurgassent
966 1716 978 1739 ‚
1004 1681 1328 1741 integramque
1352 1688 1491 1741 atque
1515 1679 1801 1725 incolumem

401 1770 675 1805 servassent.
721 1763 824 1804 Non
865 1758 992 1803 enim
1032 1757 1188 1801 minus
1227 1755 1625 1817 Rothomagenses
1656 1756 1706 1801 id
1736 1755 1803 1801 af-

402 1837 636 1883 fectabant
659 1847 1030 1898 caeterorumque
1057 1833 1345 1897 oppidorum
1380 1834 1504 1878 cives
1521 1869 1532 1890 ,
1567 1850 1710 1894 quam
1739 1833 1805 1878 illi

405 1931 625 1976 agrorum
649 1914 844 1978 populi,
874 1912 1084 1975 quotidie
1109 1909 1428 1973 praestolantes
1466 1919 1516 1954 ut
1555 1910 1614 1955 ad
1647 1927 1695 1955 se
1725 1926 1805 1972 ag·

405 2008 514 2037 men
550 1992 665 2037 illud
698 1991 999 2055 popularium
1039 1987 1334 2046 adventaret,
1363 1997 1414 2032 ut
1438 1987 1524 2050 ipsi
1559 2003 1606 2031 se
1631 1986 1690 2030 de
1721 1989 1808 2031 An-

407 2070 534 2130 glicis
557 2070 775 2134 expedire
805 2068 1205 2133 opportunitatem
1228 2065 1474 2110 haberent.
1513 2063 1604 2108 Sed
1628 2079 1726 2110 non
1754 2079 1808 2108 ea

406 2146 590 2192 affectio
621 2156 700 2192 aut
724 2163 836 2192 cura
865 2146 948 2191 fuit
982 2144 1071 2190 illis
1095 2147 1384 2188 Francorum
1407 2140 1605 2186 ducibus
1628 2140 1808 2204 patriae-

408 2239 499 2285 que
520 2223 641 2268 illius
667 2223 908 2269 nobilibus
926 2257 938 2281 ‚
965 2222 1046 2284 qui
1063 2221 1172 2266 illuc
1189 2228 1506 2265 occurrerant.
1531 2217 1810 2263 Invidebant

410 2302 536 2347 enim
560 2302 739 2366 populo
764 2311 957 2365 propter
981 2315 1035 2345 ea
1059 2315 1162 2362 quae
1191 2298 1251 2343 ab
1276 2298 1340 2343 eis
1374 2312 1598 2361 prospere
1631 2296 1811 2341 initiata

412 2378 616 2438 fuerant⁷
649 2379 737 2424 sibi
772 2394 995 2441 magnum
1031 2375 1292 2439 periculum
1326 2385 1372 2420 et
1404 2377 1694 2419 Francorum
1718 2373 1811 2417 im·-

412 2456 542 2517 perio
567 2457 813 2502 imminere
842 2455 1082 2501 falsissime
1109 2463 1249 2516 atque
1273 2451 1544 2515 impiissime
1561 2450 1808 2512 jactantes,

414 2533 451 2577 si
488 2536 692 2597 populos
725 2535 830 2581 illos
861 2545 991 2581 tanta
1026 2534 1218 2580 felicitas
1250 2540 1526 2595 sequeretur
1562 2539 1614 2576 ut
1647 2527 1815 2590 Anglos

471 2709 508 2742 1.
534 2708 587 2741 Le
606 2706 727 2742 meme
750 2707 899 2744 tableau
926 2721 966 2745 se
990 2716 1170 2746 retrouve
1195 2718 1287 2743 avec
1317 2717 1358 2742 ce
1386 2700 1538 2739 dernier
1558 2697 1643 2735 trait
1661 2696 1752 2732 dans
1782 2695 1815 2729 le

418 2762 687 2807 Brevz'loquium
708 2760 754 2795 de
775 2769 883 2796 notre
903 2769 1051 2797 auteur.
