2037 3442
345 328 418 363 322
720 322 1058 358 HISTORIARUM
1085 321 1141 357 CA
1147 320 1261 356 ROLI
1292 322 1361 356 VII

344 409 440 453 bita
476 416 519 452 et
556 414 740 450 ostensa
776 403 981 448 fuerunt.
1021 405 1088 447 Ita
1131 400 1262 464 quod
1312 401 1357 445 in
1403 400 1650 457 omnibus,
1693 401 1739 444 in

344 492 573 547 quantum
600 480 664 526 fas
683 480 853 542 jusque
880 479 1231 542 permitterent,
1258 477 1471 523 Ecclesiae
1495 477 1624 539 regni
1646 477 1738 535 sui,

344 562 391 605 in
418 558 605 605 tuendis
639 566 684 602 et
718 554 1053 601 conservandis
1085 554 1291 616 antiquis
1327 554 1425 616 ejus
1455 552 1744 599 libertatibus

343 649 389 684 et
423 634 823 693 immunitatibus,
863 633 1126 695 adjutorem
1166 647 1214 676 se
1254 640 1392 693 atque
1427 640 1743 693 protectorem

343 717 567 762 devotum
589 711 868 769 exhibebat3
894 710 1037 768 unde,
1060 708 1224 772 procul
1249 708 1414 764 dubio,
1442 725 1469 754 a
1495 717 1593 753 toto
1618 708 1743 752 clero

342 792 592 838 Gallicanae
616 788 831 835 Ecclesiae
853 788 1042 833 sincerae
1070 785 1336 831 devotionis
1360 785 1529 831 affectu
1554 793 1598 830 et
1629 784 1746 829 cole-

344 870 483 916 batur
508 878 553 914 et
575 865 835 913 amabatur.

784 1029 1122 1075 CAPITULUM
1155 1030 1296 1073 XXV.

413 1155 604 1199 Quomodo
620 1154 763 1188 Carolus
779 1151 924 1186 subditis
940 1151 1094 1198 pepercit
1106 1178 1114 1193 ,
1134 1159 1165 1184 et
1181 1149 1292 1196 qualis
1308 1149 1373 1183 sibi
1389 1149 1477 1195 juris
1494 1157 1527 1182 et
1540 1148 1678 1194 justitiae

959 1222 1042 1244 cura
1058 1210 1135 1243 fuit.

410 1322 647 1368 Nobilitati
670 1322 811 1367 etiam
831 1319 1042 1381 ejusdem
1060 1318 1189 1380 regni
1213 1318 1300 1374 sui,
1322 1327 1553 1380 quantum
1574 1318 1746 1380 potuit,

345 1399 569 1464 pepercit,
587 1413 853 1461 praecavens
879 1412 959 1441 eos
983 1394 1043 1440 ad
1067 1393 1393 1457 expeditiones
1413 1409 1518 1438 suas
1537 1392 1746 1450 bellicas,

344 1477 431 1522 nisi
460 1476 694 1521 rarissime
729 1484 775 1519 et
814 1489 924 1518 cum
959 1487 1128 1533 magua
1163 1481 1434 1533 perurgeret
1470 1470 1746 1525 necessitas,

345 1568 626 1599 convocare.
654 1549 1014 1614 Stipendiariam
1039 1548 1178 1592 etiam
1203 1563 1335 1592 suam
1360 1547 1601 1603 militiam,
1628 1555 1752 1609 post-

345 1646 489 1693 quam
513 1646 537 1676 a
570 1627 858 1675 Normannia
881 1636 926 1672 et
959 1625 1206 1687 Aquitania
1238 1624 1455 1686 Anglicos
1478 1622 1747 1686 expulerat,

347 1706 687 1752 humanissime
709 1714 754 1750 et
776 1720 884 1749 cum
909 1718 1190 1763 magnorum
1218 1700 1509 1762 indulgentia
1536 1698 1751 1744 favorum

348 1785 497 1830 tenuit
520 1794 659 1845 atque
687 1782 830 1838 fovit,
860 1795 1105 1840 nunquam
1141 1787 1220 1822 aut
1242 1777 1507 1840 parcissime
1532 1792 1613 1820 eos
1638 1776 1753 1820 locis

350 1861 573 1919 educens,
598 1861 643 1905 in
669 1858 839 1921 quibus
860 1873 945 1920 pro
966 1855 1164 1901 statione
1190 1854 1329 1899 locati
1354 1854 1563 1899 fuissent.
1588 1856 1634 1897 ln
1655 1869 1751 1914 quo

352 1948 447 1983 tam
474 1935 841 2000 provincialibus
865 1933 1041 1979 eisdem
1068 1949 1209 1994 quam
1233 1933 1373 1977 etiam
1399 1930 1620 1975 militibus
1645 1946 1752 1992 par-

353 2014 503 2066 cebat,
525 2029 551 2057 a
575 2012 746 2074 quibus
768 2010 889 2056 soliti
909 2019 1012 2054 sunt
1036 2007 1360 2071 provinciales,
1380 2023 1487 2051 cum
1508 2005 1596 2050 hac
1614 2015 1754 2067 atque

353 2090 456 2136 illac
478 2088 734 2152 permutari
752 2087 823 2132 vel
841 2085 1111 2147 adequitare
1128 2092 1379 2144 coguntur,
1399 2081 1566 2126 multas
1587 2081 1754 2126 moles-

355 2168 440 2212 tias
463 2176 508 2211 et
529 2165 802 2228 gravamina
824 2163 1068 2207 sustinere.
1096 2163 1265 2222 Legem
1287 2160 1425 2205 etiam
1446 2158 1594 2204 sanxit
1616 2167 1755 2219 atque

355 2243 584 2305 quamdiu
603 2242 716 2286 vixit
736 2239 975 2286 observari
1000 2238 1122 2296 fecit,
1144 2236 1292 2298 quod,
1314 2253 1400 2299 pro
1420 2235 1753 2281 communibus

355 2319 535 2365 delictis
558 2329 699 2381 atque
724 2317 904 2378 injuriis
930 2331 1032 2377 quae
1055 2314 1220 2360 armati
1245 2312 1395 2357 solent
1419 2312 1549 2357 facile
1576 2313 1619 2356 in
1647 2328 1755 2374 pro-

356 2394 575 2440 vinciales
605 2393 879 2447 admittere,
909 2408 988 2436 seu
1017 2391 1156 2435 etiam
1185 2389 1232 2434 in
1264 2389 1542 2451 pecuniariis
1573 2388 1750 2443 causis,

356 2481 626 2517 tenerentur
643 2485 802 2515 coram
821 2468 1058 2530 judicibus
1081 2466 1330 2512 ordinariis
1347 2466 1562 2511 locorum
1587 2466 1632 2510 in
1651 2464 1754 2526 jure

356 2548 669 2610 respondere,
698 2561 873 2607 eosque
906 2543 1136 2607 puniendi
1170 2552 1214 2588 et
1249 2541 1520 2600 coercendi,
1553 2558 1639 2604 pro
1665 2541 1754 2586 cri-

355 2625 538 2671 minum
561 2640 642 2669 seu
666 2623 947 2668 delictorum
968 2621 1190 2682 qualitate
1209 2656 1218 2676 ,
1247 2636 1350 2681 quae
1372 2620 1418 2663 in
1450 2618 1756 2681 provinciales

354 2700 674 2759 admisissent,
714 2699 800 2761 ipsi
832 2697 1058 2743 ordinarii
1091 2697 1273 2758 judices
1305 2704 1572 2741 exercerent
1608 2704 1757 2756 potes-

357 2788 529 2835 tatem;
572 2776 630 2821 de
666 2773 946 2819 militaribus
980 2790 1095 2819 vero
1131 2773 1310 2818 delictis
1341 2789 1421 2817 seu
1460 2769 1751 2828 criminibus,
