2037 3442
700 274 842 310 LIBER
871 274 923 320 Qli
940 274 1106 309 ARTUS.
1539 273 1615 308 1δῦ

229 360 319 396 teni
345 353 662 416 propinquare
690 353 759 398 vel
784 353 916 400 ferire
934 392 945 413 ,
974 371 1070 400 non
1096 364 1244 401 castra
1276 363 1431 399 tenere
1463 352 1536 398 vel
1568 354 1613 399 in

226 428 445 489 praesidiis
474 428 759 492 oppidorum
784 447 863 476 seu
896 439 1155 477 castrorum
1188 430 1437 476 consistere
1462 445 1616 475 assue-

227 515 415 564 verant,
455 505 535 551 sed
560 521 692 567 agros
725 507 981 570 populare,
1015 507 1192 571 praedas
1223 523 1382 569 agere,
1422 507 1618 552 rusticos

225 598 452 644 pauperes
487 592 626 645 atque
662 585 862 630 inermes
901 584 1098 648 spoliare
1133 601 1215 630 seu
1255 585 1456 645 affligere
1493 585 1619 646 (erat

225 657 399 720 quippe
419 657 579 703 talium
603 676 732 722 paene
755 660 999 705 innumera
1038 658 1289 704 multitudo
1322 675 1405 721 per
1428 676 1619 705 omnem

227 732 424 778 Galliam
464 734 790 797 hujuscemodi
831 736 1193 799 malignitatibus
1230 734 1437 797 imbuta)
1462 771 1472 792 ,
1496 735 1620 781 illam

230 809 575 856 multitudinem
610 812 708 875 ipse
733 829 811 858 rex
836 813 1045 876 undique
1077 813 1330 859 convocari
1356 821 1398 856 et
1425 811 1620 856 adscisci

228 887 498 949 imperavit,
539 898 589 933 ut
617 905 773 934 secum
806 890 853 934 in
888 890 1234 951 Lotharingiam
1271 898 1315 933 et
1343 887 1621 932 Metensium

229 962 342 1008 lines
367 964 752 1026 proficisceretur.
782 965 1015 1011 Lubenter
1037 975 1193 1011 autem
1210 963 1414 1026 jussibus
1439 962 1619 1008 obtem-

226 1050 462 1100 perantes,
487 1042 680 1086 scientes
706 1057 839 1103 agros
862 1041 953 1086 illic
976 1057 1072 1086 esse
1092 1040 1347 1103 locupletes
1370 1049 1508 1101 atque
1527 1039 1621 1084 suis

225 1116 416 1160 assuetis
439 1117 675 1178 praedandi
700 1117 924 1162 exercitiis
945 1126 1255 1180 opportunos,
1289 1132 1454 1160 omnes
1478 1116 1621 1160 secuti

224 1200 331 1234 sunt
353 1208 524 1252 regem.
555 1195 608 1237 Et
629 1209 733 1255 pars
753 1192 944 1254 quidem
965 1208 1058 1236 una
1082 1208 1189 1236 cum
1218 1190 1475 1248 Ludovico‚
1503 1191 1621 1253 regis

224 1267 336 1325 filio,
367 1269 573 1331 profecta
600 1281 667 1316 est
702 1286 857 1316 versus
890 1268 1209 1315 Basiliensium
1234 1278 1278 1313 et
1308 1268 1616 1313 511116115111111ι

225 1343 360 1403 fmes3
388 1361 493 1407 pars
524 1363 635 1392 vero
665 1347 711 1391 in
736 1346 1057 1408 Lotharingia,
1085 1345 1165 1390 ubi
1190 1361 1269 1390 rex
1299 1344 1378 1389 diu
1402 1345 1550 1390 stetit²
1572 1345 1620 1389 in

222 1422 399 1484 oppido
434 1422 558 1468 dicto
582 1424 857 1481 Nanceium,
896 1422 1175 1487 permansit,
1214 1420 1458 1467 effundens
1487 1438 1535 1466 se
1573 1421 1619 1465 in

222 1498 499 1543 Metensium
539 1509 583 1544 et
620 1498 926 1559 Lotharingiae
961 1514 1128 1560 agros,
1171 1496 1438 1541 invasiones
1481 1496 1620 1541 etiam

223 1573 392 1620 faciens
417 1574 670 1638 aliquando
697 1591 844 1637 usque
868 1590 997 1638 paene
1023 1573 1362 1619 Trevirensium
1386 1571 1518 1617 fines.

698 1729 1030 1773 CAPITULUM
1067 1728 1143 1770 ΙΙΙ.

220 1834 373 1877 Qualiter
389 1846 449 1867 rex
468 1835 613 1868 Carolus
628 1861 636 1876 ‚
655 1834 690 1867 in
711 1834 935 1880 Lotharingia
960 1834 1141 1877 exsistens,
1161 1831 1320 1865 ordinem
1339 1832 1373 1865 in
1392 1843 1451 1865 sua
1470 1832 1618 1877 equestri

300 1894 416 1927 militia
436 1895 631 1940 composuit
649 1904 681 1929 et
694 1895 785 1928 mille
801 1895 1004 1940 quingentas
1019 1895 1150 1927 lanceas
1167 1891 1362 1926 ordinarias
1376 1891 1530 1926 retinuit,

285 1994 403 2035 Cum
433 1990 588 2052 itaque
619 1991 684 2036 sic
707 2000 837 2036 extra
860 2006 1055 2052 regnum
1089 1992 1398 2045 Francorum,
1426 2003 1614 2033 exesum

221 2075 331 2111 tunc
366 2076 411 2111 et
446 2068 576 2111 omni
611 2067 835 2129 pauperie
877 2077 1013 2129 atque
1054 2066 1211 2129 inopia
1247 2065 1501 2128 repletum,
1541 2062 1615 2108 illa

219 2142 470 2188 multitudo
494 2144 539 2188 in
565 2159 699 2204 agros
736 2153 778 2188 et
816 2152 956 2188 terras
980 2142 1078 2188 illas
1102 2141 1270 2187 fertiles
1304 2139 1615 2200 Lotharingiae

219 2229 263 2263 et
287 2220 465 2264 Aizatiae
489 2219 654 2265 educta
680 2220 862 2275 fuisset,
896 2236 974 2265 rex
996 2218 1190 2264 Carolus
1214 2216 1462 2263 consilium
1486 2232 1615 2262 acce-

218 2296 285 2358 pit
309 2313 416 2340 cum
441 2297 534 2340 suis
558 2295 818 2358 potioribus
846 2296 1016 2341 militiae
1045 2294 1242 2340 ducibus
1261 2304 1304 2339 et
1328 2291 1614 2356 primoribus

218 2372 399 2417 consilii
425 2374 522 2430 sui,
551 2372 608 2417 de
643 2371 898 2434 redigendo
923 2381 968 2417 et
999 2370 1298 2434 disponendo
1331 2386 1463 2415 suam
1496 2368 1616 2414 mili-

218 2448 328 2492 tiam
354 2448 412 2494 ad
438 2458 616 2493 certum
637 2457 681 2493 et
711 2447 1074 2493 determinatum
1097 2462 1378 2505 numerum;
1403 2461 1504 2507 quae
1528 2444 1614 2490 sub

216 2526 351 2571 certis
375 2525 598 2583 ducibus,
627 2525 706 2587 qui
731 2525 777 2570 in
809 2524 946 2570 rebus
980 2523 1155 2570 bellicis
1185 2523 1328 2585 magis
1362 2522 1615 2568 industrios

270 2677 281 2711 ‘l
298 2707 304 2714 .
335 2678 404 2712 Les
430 2675 552 2711 Bzilois
578 2674 691 2721 (alors
711 2674 933 2724 Iniperiaux
952 2672 1080 2717 libres)
1098 2680 1133 2708 et
1152 2671 1205 2709 les
1219 2670 1376 2709 Suisses.

268 2736 306 2772 2.
342 2734 507 2771 Pendant
527 2735 612 2783 cinq
631 2735 738 2772 mois.
