2037 3442
396 342 469 375 324
773 337 1112 373 HISTORIARUM
1144 337 1322 372 CAROLI
1356 338 1425 373 VII

390 419 688 483 proposuisse
709 417 840 480 quod
859 453 870 473 ‚
896 433 1036 462 suasu
1059 426 1103 462 et
1126 417 1171 461 in
1198 416 1406 462 favorem
1434 417 1661 463 Ludovici
1692 419 1797 464 Del-

388 496 546 559 phini,
582 493 793 554 degentis
835 501 947 537 tunc
987 492 1115 555 apud
1162 492 1554 555 Burgundionum
1596 493 1792 553 ducem,

391 572 566 616 dictam
591 570 889 615 molitionem
911 568 1127 614 secisset¹.

455 650 741 708 Quanquam
765 655 920 691 autem
943 646 990 690 in
1014 644 1289 707 capitalibus
1314 647 1464 708 poenis
1487 647 1798 710 exsequendis

388 724 777 771 clementissimus
817 733 957 780 esset,
1002 732 1156 767 tamen
1199 722 1258 768 ad
1300 723 1573 785 pellendum
1610 724 1668 768 dc
1703 724 1797 768 suis

388 802 649 848 honoribus
670 817 788 864 quos
810 801 855 845 in
884 800 1141 845 domestica
1166 799 1472 846 familiaritate
1494 800 1792 858 sublimabat,

388 889 433 924 et
463 895 549 942 pro
574 889 786 941 tempore
816 876 941 921 velut
971 875 1145 920 caeteris
1167 877 1414 938 primiores
1446 887 1586 938 atque
1612 877 1794 940 praecel-

390 957 610 1002 lentiores
635 954 760 1018 apud
787 970 835 999 se
867 952 1127 1009 habuerat,
1154 953 1262 998 satis
1302 953 1444 998 facilis
1480 963 1595 998 erat.
1623 954 1795 999 Multos

383 1035 509 1079 enim
530 1071 540 1090 ,
568 1049 677 1079 cum
712 1032 951 1094 aliquanto
986 1039 1197 1093 tempore
1229 1046 1338 1092 erga
1367 1047 1415 1076 se
1442 1031 1648 1076 maximo
1684 1030 1791 1076 loco

387 1110 536 1157 habiti
570 1110 788 1167 fuissent,
827 1125 851 1154 a
886 1123 972 1153 suo
1005 1106 1158 1168 abegit
1195 1108 1434 1152 consortio
1467 1117 1511 1152 et
1541 1107 1790 1165 comitatu,

388 1187 470 1233 sed
505 1187 566 1232 ita
604 1194 847 1232 mansuete
883 1200 970 1229 nec
1015 1184 1220 1229 severius
1265 1200 1409 1246 quam
1451 1183 1611 1247 quod,
1659 1184 1793 1229 salvis

387 1264 527 1310 bonis
547 1264 665 1321 suis,
693 1262 911 1326 proprios
928 1261 1046 1307 lares
1067 1270 1347 1324 repeterent.

449 1340 577 1385 Fidei
600 1356 653 1385 ac
680 1339 1021 1402 promissorum
1047 1337 1369 1382 tenacissimus
1403 1336 1513 1393 fuit,
1541 1337 1604 1382 ita
1628 1337 1757 1399 quod
1778 1375 1789 1397 ,

383 1419 420 1464 si
452 1418 553 1472 cui,
589 1416 759 1462 infimae
796 1415 932 1461 sortis
970 1414 1110 1460 etiam
1147 1414 1354 1472 homini,
1387 1414 1648 1477 quidquam
1683 1431 1791 1459 eum

383 1493 582 1556 simplici
630 1491 774 1538 verbo
812 1491 1082 1555 promisisse
1117 1490 1282 1552 aliquis
1322 1500 1598 1547 testaretur,
1639 1490 1791 1535 statim

387 1572 513 1616 velut
537 1587 563 1615 a
588 1586 635 1615 se
655 1568 939 1633 promissum
960 1567 1135 1613 exsolvi
1160 1577 1300 1629 atque
1319 1567 1503 1630 impleri
1527 1567 1788 1613 mandaret.

387 1647 651 1693 Officiarios
672 1646 801 1707 regni
833 1645 902 1690 sui
939 1645 1031 1690 suis
1055 1644 1222 1689 officiis
1245 1644 1448 1702 moveri,
1487 1644 1573 1689 nisi
1599 1644 1716 1689 forte
1741 1653 1790 1689 ut

387 1723 448 1769 ad
471 1723 637 1769 altiora
661 1721 1063 1784 proveherentur,
1092 1720 1324 1765 rarissime
1348 1729 1486 1782 atque
1521 1720 1792 1782 parcissime

384 1801 626 1856 sustinuit,
654 1810 698 1845 et
733 1799 820 1843 nisi
847 1807 1041 1861 propter
1066 1797 1299 1843 evidentia
1330 1797 1526 1842 crimina
1556 1807 1636 1842 aut
1662 1797 1789 1843 defe-

388 1886 508 1934 ctus,
531 1877 756 1940 permissa
779 1875 843 1920 eis
868 1875 1006 1920 etiam
1031 1874 1185 1919 omnis
1210 1874 1494 1919 defensionis
1516 1874 1669 1936 copia,
1694 1874 1793 1918 sine

388 1970 482 2016 qua
518 1969 763 2015 nunquam
798 1952 1001 2014 aliquem
1047 1950 1203 1996 officio
1239 1951 1462 1996 destituit.
1503 1950 1636 1995 Unde
1673 1951 1792 1995 miro

387 2030 532 2076 modo
557 2030 615 2076 ab
639 2029 874 2075 officiariis
900 2028 1026 2091 regni
1049 2027 1217 2073 charus
1238 2027 1520 2073 habebatur.

815 2193 1150 2238 CAPITULUM
1187 2193 1348 2237 XXVI.

631 2309 673 2341 In
689 2307 814 2353 quibus
831 2308 976 2341 Carolus
994 2317 1054 2340 rex
1072 2307 1196 2353 injuste
1212 2305 1368 2340 subditos
1385 2306 1550 2352 gravavit.

456 2409 598 2467 Quod
631 2425 744 2454 vero
782 2408 905 2470 juste
940 2408 1097 2470 negari
1134 2424 1230 2452 non
1264 2416 1442 2470 potest,
1479 2408 1525 2452 in
1555 2408 1792 2470 exigendis

389 2486 691 2549 vectigalibus
715 2496 760 2531 et
784 2484 969 2530 tributis
992 2500 1017 2529 a
1045 2483 1237 2547 plebeiis
1258 2472 1305 2528 et
1329 2484 1638 2547 popularibus
1663 2486 1791 2546 regni

390 2566 485 2621 sui,
529 2564 728 2609 maxime
762 2572 1038 2625 postquam,
1075 2577 1099 2605 e
1136 2560 1424 2605 Normannia
1464 2570 1505 2606 et
1544 2562 1791 2623 Aquitania

389 2641 531 2704 pulsis
555 2640 780 2700 Anglicis,
811 2649 963 2684 totum
1002 2653 1199 2699 regnum
1237 2637 1431 2700 pacifice
1465 2648 1508 2683 et
1542 2639 1790 2701 tranquille

440 2767 477 2801 1.
509 2763 752 2814 Paragraphe
777 2761 956 2799 intercale
983 2761 1075 2797 dans
1103 2760 1156 2797 les
1183 2763 1344 2796 Annales
1365 2762 1552 2796 Flandriae
1578 2761 1625 2798 de
1643 2763 1788 2808 Meyer,

387 2824 411 2860 l.
436 2825 535 2860 XVI.
