2142 3473
534 281 582 316 32
920 278 1261 315 HISTORIARUM
1289 279 1468 315 CAROLI
1494 280 1565 315 VII

532 357 784 404 satellitum
824 356 962 402 turba
1006 357 1248 420 stipatum,
1291 368 1336 403 et
1374 368 1545 422 putans
1589 358 1790 420 aliquem
1833 375 1932 405 esse

532 434 797 497 princioem
836 449 918 479 seu
966 433 1137 479 ducem
1173 435 1401 491 militum,
1439 435 1681 481 salutasset
1717 452 1852 492 eum,
1888 445 1933 481 et

530 520 691 573 postea
717 527 744 556 a
772 511 867 556 suis
902 511 1051 572 qualis
1085 522 1131 557 et
1164 528 1307 574 quam
1333 513 1434 559 vilis
1466 513 1752 559 conditionis
1785 512 1932 558 homo

530 596 675 645 esset,
700 587 858 633 fuisset
888 587 1105 646 edoctus,
1132 605 1242 634 eum
1266 599 1455 652 captum
1479 589 1711 653 supplicio
1745 588 1935 653 publice

530 663 739 722 affecit¹3
767 664 899 727 quod
931 664 1204 728 hujusmodi
1236 667 1427 713 sicarios
1458 667 1661 713 multum
1695 666 1931 731 repressit.

986 847 1323 892 CAPITULUM
1356 848 1474 893 XIII.

581 950 738 994 Qualiter
750 951 834 986 urbs
849 951 1110 998 Rothomagum
1125 953 1168 987 ab
1185 953 1381 999 Anglorum
1395 965 1475 1000 rege
1491 952 1628 987 obsessa
1644 961 1677 987 et
1693 962 1794 1000 capta
1810 955 1885 991 fuit.

597 1065 744 1109 Porro
765 1079 875 1109 cum
897 1061 1006 1108 talia
1029 1072 1277 1125 agerentur
1300 1063 1347 1108 in
1368 1063 1495 1125 regia
1520 1063 1766 1109 Parisiensi
1788 1064 1931 1124 urbe,

530 1140 791 1202 Anglorum
813 1156 894 1186 rex
920 1139 1342 1203 opportunitatem,
1377 1156 1432 1186 ex
1463 1139 1790 1202 hujuscemodi
1813 1142 1937 1189 ludis

530 1216 618 1262 sibi
643 1216 847 1275 allatam,
867 1232 965 1261 non
989 1216 1192 1279 segniter
1210 1226 1291 1263 aut
1309 1216 1597 1279 negligenter
1616 1218 1812 1264 transire
1834 1236 1937 1282 per-

531 1291 682 1349 misit;
704 1290 786 1336 sed
808 1289 1046 1351 acquisitis
1068 1289 1291 1337 omuibus
1313 1307 1445 1354 paene
1467 1290 1654 1354 oppidis
1674 1300 1720 1337 et
1741 1292 1937 1338 castellis

529 1367 764 1414 inferioris
801 1367 1127 1425 Normanniae,
1155 1367 1215 1413 ad
1254 1367 1555 1414 obsidionem
1589 1367 1720 1414 urbis
1755 1367 1938 1413 Rotho-

529 1445 786 1506 magensis,
824 1443 1274 1507 metropolistotius
1302 1445 1583 1508 provinciae,
1616 1445 1726 1490 totis
1760 1444 1938 1492 viribus

529 1522 769 1581 incubuit,
794 1538 959 1567 omnes
983 1537 1144 1567 secum
1166 1521 1349 1568 habens
1365 1538 1475 1568 suos
1497 1522 1544 1567 in
1571 1521 1818 1568 obsidione
1842 1539 1939 1585 ger-

530 1615 714 1646 manos.
751 1601 861 1644 Erat
891 1608 1050 1645 autem
1084 1597 1197 1643 urbs
1224 1599 1351 1663 ipsa,
1380 1608 1482 1646 tum
1512 1599 1819 1663 propriorum
1843 1616 1939 1646 nu-

531 1677 800 1723 merositate
825 1676 1022 1735 civium⁷
1050 1685 1153 1721 tum
1181 1693 1238 1722 ex
1270 1693 1505 1722 concursu
1535 1675 1851 1740 plurimorum
1882 1693 1936 1722 ex

531 1752 720 1817 oppidis
746 1762 791 1798 et
817 1753 938 1815 agris
967 1752 1179 1798 finitimis
1204 1769 1259 1799 ac
1284 1753 1429 1801 totius
1452 1753 1592 1799 etiam
1620 1754 1932 1813 Normanniae,

531 1831 613 1894 qui
639 1830 749 1876 illuc
775 1839 1002 1892 tanquam
1027 1829 1086 1875 ad
1110 1829 1392 1875 tutissimam
1411 1828 1579 1874 urbem
1599 1829 1932 1890 confugerant,

532 1906 810 1954 mirabiliter
839 1906 1050 1952 conferta
1079 1915 1123 1951 et
1148 1905 1289 1968 plena
1312 1905 1510 1968 populo.
1542 1905 1634 1951 Sed
1658 1921 1712 1951 ea
1740 1922 1813 1952 res
1836 1922 1936 1952 ma-

527 1985 644 2047 joris
666 1984 943 2031 calamitatis
966 1984 1054 2047 ipsi
1083 1982 1190 2028 urbi
1213 1983 1366 2029 attulit
1389 1982 1659 2040 materiam3
1692 1998 1802 2028 nam
1827 1999 1936 2029 curn

530 2062 674 2124 longa
708 2061 965 2123 Anglorum
998 2059 1250 2106 obsidione
1287 2068 1614 2123 premerentur
1649 2068 1718 2116 et⁷
1751 2075 1840 2105 nec
1879 2059 1937 2105 de

531 2149 673 2198 terra,
703 2155 792 2184 nec
819 2137 878 2183 de
906 2137 1025 2182 mari
1047 2146 1128 2182 aut
1154 2136 1373 2194 flumine,
1403 2135 1499 2181 ulla
1522 2136 1564 2180 ei
1585 2135 1749 2181 solatia
1771 2152 1940 2198 prove-

533 2218 715 2276 nirent,
742 2224 840 2262 tam
862 2213 1019 2260 valida
1040 2223 1180 2276 atque
1208 2212 1448 2258 horrenda
1475 2212 1620 2258 fames
1645 2211 1756 2258 inde
1779 2223 1937 2258 secuta

533 2303 618 2353 est,
643 2303 712 2351 ut,
737 2291 1063 2339 deficientibus
1085 2290 1305 2336 humanis
1322 2289 1573 2349 alimentis,
1597 2306 1684 2335 nec
1709 2290 1841 2352 equis
1858 2299 1937 2336 aut

533 2370 759 2428 canibus,
799 2369 1030 2415 soricibus
1071 2384 1126 2414 ac
1162 2368 1435 2425 ratonibus,
1470 2366 1544 2413 vel
1575 2366 1819 2429 quibusvis
1850 2367 1935 2413 im-

534 2448 724 2495 mundis
746 2446 1028 2494 animalibus
1056 2445 1324 2492 abstentum
1352 2445 1450 2491 sit2.
1480 2447 1537 2491 Et
1559 2454 1610 2491 ut
1635 2445 1749 2491 olim
1773 2444 1936 2490 Hiero-

589 2586 627 2622 1.
665 2584 769 2621 cette
798 2582 983 2621 anecdote
1008 2596 1030 2620 a
1048 2582 1106 2619 e'te
1133 2580 1335 2631 rapportce
1356 2583 1377 2617 a
1397 2594 1471 2632 peu
1492 2582 1578 2632 pres
1601 2581 1695 2619 dans
1719 2581 1772 2619 les
1796 2582 1938 2618 memes

536 2651 673 2681 termes
686 2655 755 2692 par
773 2645 793 2679 J
796 2656 867 2680 ean
883 2645 903 2679 J
907 2641 1070 2680 ouvenel
1091 2640 1156 2678 des
1176 2640 1310 2678 Ursins
1333 2643 1447 2690 (Igist.
1465 2643 1511 2678 de
1525 2642 1678 2680 Clzarles
1700 2644 1765 2689 VI,
1783 2640 1830 2677 ad
1845 2653 1931 2677 ann.

536 2704 668 2748 1418),
690 2701 755 2750 qui
775 2701 903 2739 l'avait
922 2701 1016 2738 tiree
1034 2700 1237 2738 lui-meme
1261 2699 1313 2736 du
1330 2701 1529 2749 Religietcx
1547 2701 1594 2736 de
1611 2702 1868 2738 Saint-Dem's.

589 2756 625 2793 2.
658 2755 866 2804 Couiparer
883 2754 919 2790 le
937 2754 1031 2792 recit
1054 2753 1145 2790 d'un
1172 2753 1357 2790 historien
1379 2765 1568 2802 anonyme
1591 2752 1643 2789 du
1669 2752 1725 2790 roi
1751 2751 1868 2790 Heni-i
1890 2753 1934 2799 V,
