2037 3442
644 378 785 413 LIBER
817 378 1056 424 QUARTUS.
1454 378 1527 413 ⁶227

145 473 254 519 gore
272 494 283 516 ,
304 468 429 504 metu
459 458 723 504 vehementi
746 467 884 520 atque
905 468 1080 503 terrore
1102 458 1276 520 Anglici
1298 458 1501 503 deterriti
1520 495 1532 516 ,

144 551 239 579 non
265 535 390 580 aliud
415 551 555 597 quam
576 535 944 580 internecionem
964 534 1207 579 imminere
1228 533 1531 593 arbitrantes,

145 610 250 656 licet
275 611 335 657 ad
361 612 447 656 tria
471 611 612 656 millia
638 620 682 657 et
704 611 902 673 amplius
932 611 979 654 in
1004 611 1187 655 civitate
1214 621 1392 669 essent,
1422 611 1535 657 nihil

145 686 232 732 sibi
257 697 356 732 tum
375 724 385 744 ,
412 686 471 733 ad
495 687 812 749 effugiendum
838 687 1000 731 mortis
1022 686 1282 749 periculum
1300 723 1310 743 ,
1338 704 1538 749 praesen-

147 763 264 823 tius,
307 779 449 826 quam
494 763 553 808 ad
595 779 722 809 arces
756 762 975 820 civitatis,
1009 762 1242 825 praecipue
1284 762 1537 823 Palatium,

147 841 360 885 Castrum
397 849 441 884 ct
475 841 712 897 Pontem¹,
745 838 996 900 confugere
1031 846 1329 901 putaverunt.
1377 839 1535 897 Unde,

146 932 317 978 magna
340 933 393 962 ex
418 925 548 979 parte
575 917 666 961 suis
701 915 869 961 relictis
903 914 1040 960 bonis
1058 951 1069 969 ,
1100 931 1155 960 ex
1188 914 1318 959 omni
1343 914 1541 960 civitatis

147 993 338 1053 regione
368 992 555 1038 concito
591 990 737 1053 gradu
775 990 962 1037 easdem
1000 1006 1129 1035 arces
1167 998 1324 1052 petere
1361 1006 1542 1053 prope—

148 1078 327 1114 rarunt.
376 1069 467 1124 Qui
507 1085 614 1114 cum
658 1067 832 1130 ubique
866 1066 1085 1130 repagula
1123 1075 1263 1128 atque
1300 1064 1543 1113 obstacula

149 1145 471 1205 offenderent,
501 1161 604 1207 quae
630 1144 908 1208 plerumque
931 1143 1129 1188 alterum
1155 1142 1213 1188 ab
1245 1142 1391 1188 altero
1419 1142 1545 1204 jactu

149 1221 313 1284 lapidis
348 1238 444 1267 non
484 1221 745 1279 distabant,
789 1220 1092 1282 viderentque
1128 1218 1303 1281 ubique
1339 1230 1545 1265 armatos

148 1296 300 1356 cives,
340 1297 420 1358 qui
467 1297 634 1356 etiam,
672 1296 849 1342 effossis
888 1294 1142 1359 parietibus
1186 1294 1442 1341 domorum
1485 1295 1545 1341 ad

147 1372 294 1431 intra,
324 1371 383 1418 de
407 1372 515 1418 loco
539 1373 598 1418 ad
619 1373 802 1431 locum,
833 1388 1060 1434 quorsum
1084 1372 1148 1418 eis
1166 1371 1355 1430 liberet,
1384 1372 1548 1419 ambu-

146 1447 328 1506 labant,
370 1449 604 1513 supplices
642 1448 778 1495 valde
816 1464 869 1494 ac
909 1448 1233 1507 tremebundi,
1275 1449 1549 1496 transeundi

148 1524 382 1571 licentiam
406 1525 719 1588 postulabant.
748 1528 803 1570 Et
827 1540 931 1571 eam
954 1524 1146 1587 quidem
1172 1526 1393 1573 omnibus
1415 1543 1548 1590 paene

147 1601 322 1647 civium
355 1601 621 1648 humanitas
660 1601 879 1657 indulsit,
906 1601 1074 1664 quibus
1113 1602 1324 1648 satisfieri
1354 1603 1549 1649 videba-

148 1687 242 1736 tur,
281 1678 318 1724 si
363 1678 427 1724 eis
469 1677 645 1741 absque
689 1678 882 1740 alicujus
917 1677 1201 1724 crudelitatis
1242 1678 1547 1726 denotatione

149 1755 331 1801 civitate
364 1755 534 1818 pulsis,
578 1755 638 1800 ad
679 1755 796 1817 regis
841 1757 1129 1800 Francorum
1166 1755 1377 1801 naturale
1417 1766 1548 1802 terrae

150 1832 400 1895 imperium
424 1849 523 1878 sese
548 1831 774 1877 reducere
807 1847 860 1877 ac
886 1832 1123 1878 civitatem
1157 1848 1289 1878 suam
1321 1844 1543 1896 possent3

151 1924 320 1972 nempe
360 1925 456 1954 non
493 1908 693 1972 amplius
722 1924 865 1971 quam
905 1919 997 1954 tres
1028 1919 1107 1955 aut
1131 1918 1336 1972 quatuor
1370 1910 1548 1973 Anglici

151 1984 199 2029 in
223 1994 323 2031 toto
347 1985 426 2031 illo
447 1986 652 2031 tumultu
683 1985 1008 2031 referebantur
1029 1986 1265 2041 exstincti,
1298 1996 1343 2032 et
1366 1986 1415 2032 hi
1441 1988 1546 2050 qui-

153 2059 279 2119 dem,
307 2060 436 2123 quod
453 2096 464 2118 ,
495 2060 667 2106 infelici
690 2070 813 2106 sorte
838 2071 978 2124 atque
998 2061 1225 2121 infausta,
1246 2062 1295 2107 in
1319 2079 1547 2125 quorum-

153 2135 262 2182 dam
297 2153 351 2183 ex
389 2137 567 2183 civibus
603 2137 898 2184 devenissent
934 2155 1124 2197 manus,
1162 2155 1370 2202 quorum
1404 2140 1546 2203 aliqui

153 2214 353 2277 proximi
377 2214 643 2277 sanguinis,
682 2215 817 2260 tertio
853 2225 933 2261 aut
965 2225 1133 2278 quarto
1164 2216 1238 2261 die
1263 2227 1397 2277 ante,
1425 2218 1547 2262 intra

152 2292 324 2337 moenia
352 2300 396 2337 et
416 2291 589 2337 vallum
623 2291 816 2337 civitatis
841 2291 1278 2355 (quemadmodum
1304 2310 1445 2357 supra
1468 2310 1542 2339 re-

156 2368 377 2431 tulimus)
397 2369 625 2432 perempti
647 2368 830 2414 fuerant
853 2368 913 2414 ab
933 2369 1155 2432 Anglicis.

208 2503 244 2538 1.
275 2502 328 2537 Le
345 2502 476 2536 Palais
494 2499 602 2550 (plus
623 2498 706 2536 tard
725 2499 760 2536 le
779 2498 902 2535 Vieux
918 2497 1054 2545 Palais)
1066 2527 1076 2542 ,
1098 2497 1274 2535 citadelle
1291 2497 1391 2535 battie
1410 2511 1479 2548 par
1497 2498 1551 2536 les

153 2558 308 2609 Anglais
341 2571 405 2595 sur
433 2558 468 2595 le
492 2557 589 2595 bord
609 2557 655 2594 de
680 2557 716 2594 la
746 2557 881 2603 Seine,
907 2558 927 2593 a
951 2556 1177 2593 l'extreinite
1198 2565 1235 2593 et
1261 2569 1309 2593 en
1334 2557 1419 2594 aval
1442 2556 1489 2594 de
1514 2557 1550 2594 la

156 2617 264 2664 ville3
286 2617 320 2654 le
346 2619 512 2655 Clzdteau
529 2646 538 2663 ‚
566 2616 643 2653 bati
672 2629 741 2667 par
770 2615 946 2665 Philippe
968 2619 1139 2666 Auguste
1161 2629 1226 2652 sur
1256 2615 1456 2653 l’enceinte
1485 2616 1551 2653 des

155 2689 258 2713 murs
274 2706 284 2722 ,
309 2677 361 2714 du
380 2677 462 2714 cote
483 2677 533 2714 du
551 2676 683 2723 Nord3
713 2676 749 2713 la
778 2675 1018 2712 fortification
1041 2675 1092 2712 du
1118 2684 1210 2726 pont
1237 2689 1287 2712 ou
1310 2675 1549 2723 Barbarane,

155 2735 284 2786 place'e
303 2744 432 2773 contre
450 2736 485 2773 la
511 2736 592 2773 rive
616 2735 763 2784 gauche
789 2734 835 2771 de
860 2734 897 2771 la
922 2735 1047 2772 Seine.
1085 2735 1178 2772 Voir
1202 2734 1362 2772 l'ancien
1388 2735 1480 2785 plan
1505 2735 1552 2771 de

155 2797 287 2832 Rouen
315 2795 442 2832 dresse
461 2808 559 2845 pour
587 2792 778 2830 l'Hc'stoz're
794 2795 843 2830 cle
862 2796 986 2829 Rauen
1002 2795 1175 2841 pendant
1202 2797 1368 2843 l’e'poque
1394 2808 1554 2830 commu-

157 2859 263 2903 nale,
285 2868 353 2905 par
370 2858 420 2894 M.
448 2854 623 2893 Cheruel.
