2037 3442
734 303 874 338 LIBER
900 303 1093 338 PRIMUS,
1557 309 1603 342 35

662 516 995 559 CAP1TULUM
1030 517 1148 560 XIV.

214 648 262 678 De
284 658 369 691 pace
389 646 475 680 facta
495 647 582 681 inter
599 648 759 681 Carolum
777 651 827 682 VI
848 651 1060 683 Francorum
1077 660 1110 684 et
1128 651 1315 684 anrimm
1333 653 1464 698 Angliae
1484 666 1577 700 reges
1593 682 1600 696 ,

622 716 654 740 et
670 709 784 741 Caroli
804 710 874 742 VII
892 709 1182 743 exhaeredatione.

277 831 476 893 Recepto
512 831 667 893 itaque
701 831 993 892 Rothomago
1028 842 1073 877 et
1107 831 1193 876 sub
1240 832 1468 877 ditionem
1508 836 1601 878 An-

210 908 391 967 glorum
424 907 639 964 redacto,
670 925 754 970 per
777 908 868 953 hoc
899 908 1073 970 oppida
1107 917 1150 953 et
1179 908 1362 953 castella
1392 908 1601 955 similiter

210 985 345 1029 etiam
373 984 431 1029 ad
457 984 626 1046 Anglos
650 985 943 1030 transierunt.
974 988 1027 1029 Et
1052 986 1159 1046 quia
1185 987 1314 1047 regni
1344 987 1484 1031 totius
1511 987 1598 1031 im-

207 1062 389 1123 perium
415 1061 667 1121 Anglorum
692 1078 793 1118 rex,
822 1061 998 1106 nedum
1023 1062 1378 1119 Norinanniam,
1410 1062 1497 1108 sibi
1517 1063 1599 1109 ad-

206 1137 361 1182 dicere
395 1137 632 1198 cupiebat,
675 1138 882 1183 videntes
918 1138 997 1199 qui
1032 1138 1153 1184 circa
1185 1140 1406 1185 Carolum
1444 1139 1599 1186 adhuc

204 1229 378 1274 regem,
407 1214 484 1274 qui
509 1230 672 1259 omnes
687 1230 815 1276 paene
839 1222 938 1258 tum
966 1230 1020 1259 ex
1044 1215 1434 1277 Burgundionum
1458 1217 1599 1279 parti-

202 1287 291 1333 bus
320 1298 474 1344 erant,
509 1305 556 1334 se
586 1298 630 1334 et
661 1305 857 1349 regnum
888 1305 982 1334 non
1020 1290 1151 1336 facile
1184 1292 1323 1337 tutari
1355 1309 1493 1355 posse
1517 1293 1599 1339 ad-

202 1381 360 1410 versus
395 1364 649 1425 Anglorum
681 1366 813 1422 vires,
843 1366 922 1428 qui
951 1366 1048 1427 jam
1084 1369 1421 1414 Normanniam
1461 1386 1592 1432 paene

201 1441 466 1486 universam
498 1441 821 1504 occupabant,
864 1452 909 1487 et
945 1451 1109 1489 contra
1137 1445 1274 1490 etiam
1311 1448 1595 1492 Francorum

200 1519 475 1580 potentiam,
509 1536 628 1580 quos
659 1519 957 1564 ‚armeniacos
982 1519 1217 1578 dicebant,
1251 1522 1330 1583 qui
1366 1522 1589 1585 utrisque,

200 1603 294 1640 tam
329 1595 741 1656 Burgundionibus
774 1610 914 1657 quam
950 1596 1130 1657 Anglis,
1165 1597 1344 1643 fortiter
1379 1599 1591 1645 immine-

198 1670 328 1729 bant,
369 1681 414 1717 et
432 1689 479 1717 se
503 1682 546 1717 et
572 1682 714 1718 terras
735 1688 849 1735 quas
866 1672 1089 1718 tenebant
1117 1673 1175 1718 ab
1203 1675 1408 1737 utrisque
1437 1675 1596 1721 defen-

197 1747 370 1794 debant
393 1784 403 1805 ,
432 1749 558 1812 pacis
579 1749 751 1794 foedera
769 1749 973 1794 inierunt
987 1759 1032 1794 et
1046 1760 1335 1812 pepegerunt
1357 1752 1476 1797 inter
1498 1769 1593 1798 am-

196 1823 282 1870 bos
316 1828 488 1887 reges¹,
527 1826 588 1870 ita
618 1825 833 1870 videlicet
868 1825 998 1886 quod
1022 1829 1308 1871 Francorum
1332 1844 1439 1885 rex,
1466 1828 1593 1874 velut

194 1917 277 1963 per
294 1901 657 1947 inobedientiam
679 1902 738 1947 ad
758 1918 821 1959 se,
851 1911 1047 1964 patrem,
1075 1902 1365 1949 exhaeredato
1382 1903 1479 1950 filio
1503 1922 1589 1952 suo

194 1979 361 2023 Carolo
376 1981 475 2036 Vll,
493 1988 621 2033 tunc,
643 1988 691 2023 ut
705 1979 924 2036 diximus,
942 1978 1167 2041 delphino
1184 1980 1524 2027 Viennensium
1546 1993 1591 2028 et

194 2055 396 2116 partium
415 2055 619 2112 illorum,
647 2056 727 2117 qui
750 2055 1007 2101 Armeniaci
1034 2055 1409 2118 appellabantur,
1435 2058 1585 2122 impe-

192 2131 313 2175 rium
335 2141 544 2191 tenente,
568 2131 801 2177 haeredem
822 2131 950 2194 regni
970 2141 1075 2194 post
1105 2148 1152 2177 se
1188 2133 1460 2192 Henricum,
1493 2137 1585 2180 An-

192 2207 374 2268 glorum
398 2225 575 2270 regem,
599 2209 821 2266 instituit,
848 2217 894 2253 et
911 2224 1008 2253 esse
1036 2208 1182 2254 voluit
1208 2210 1350 2255 totius
1372 2211 1501 2271 regni
1529 2228 1585 2257 ex

192 2294 301 2329 tunc
329 2284 415 2329 sub
440 2301 524 2329 suo
556 2285 747 2330 nomine
781 2284 1204 2330 administratorem
1233 2296 1278 2331 et
1305 2286 1586 2348 gubernato-

188 2378 303 2406 rem.
334 2361 467 2406 Unde
491 2360 550 2406 ab
568 2361 647 2406 illo
667 2371 875 2424 tempore.
893 2361 991 2425 ipse
1011 2363 1240 2407 Henricus
1259 2379 1357 2408 non
1383 2380 1429 2409 se
1449 2367 1586 2409 Fran-

185 2455 350 2484 corum
374 2455 559 2499 regem,
589 2438 668 2483 sed
706 2438 938 2483 haeredem
970 2447 1015 2482 et
1047 2437 1412 2499 gubernatorem
1451 2442 1584 2502 regni

184 2514 433 2560 attitulavit
453 2535 463 2572 ;
486 2514 601 2559 obiit
621 2515 746 2559 enim
770 2514 894 2559 idem
913 2514 1140 2559 chricus
1167 2515 1305 2577 paulo
1330 2526 1579 2579 antequam

184 2592 280 2654 ipse
304 2591 497 2637 Carolus
535 2594 613 2649 VI,
648 2594 935 2637 Francorum
970 2608 1073 2649 rex,
1107 2592 1201 2637 vita
1228 2601 1347 2638 esset
1373 2592 1573 2642 functus,

234 2761 270 2796 4.
302 2758 425 2794 Traite
446 2758 492 2794 de
511 2761 666 2808 Troyes,
684 2757 734 2794 du
755 2760 796 2793 ⁶211
825 2757 898 2794 mai
924 2759 1035 2793 1420.
