2037 3442
681 263 820 297 LIBER
858 262 1096 308 QUARTUS.
1513 264 1579 299 161

620 538 813 588 LIBER
854 537 1170 594 QUARTUS.

585 825 917 868 CAPITULUM
954 826 1196 869 PRIMUM.

254 963 391 1004 Quanta
407 964 532 1009 laetitia,
552 964 676 1009 treugis
693 964 801 1011 sactis,
821 977 940 998 omnes
959 965 1148 999 Galliarum
1166 968 1315 1012 populos
1332 967 1537 1013 perfuderit.

263 1089 408 1134 Factis
444 1089 584 1150 igitur
619 1099 664 1135 et
692 1089 979 1134 confirmatis
1019 1091 1190 1152 treugis
1230 1092 1351 1137 inter
1381 1109 1511 1154 reges
1553 1104 1599 1139 et

202 1181 344 1227 regna
369 1165 609 1227 utriusque
643 1166 812 1229 partis,
845 1166 1197 1228 comprehensis
1222 1167 1479 1227 foederatis,
1513 1187 1597 1232 po—

202 1241 339 1305 pulos
364 1240 620 1287 Galliarum
652 1244 878 1287 immensa
901 1251 973 1300 et,
1001 1259 1102 1304 quae
1128 1244 1201 1288 vix
1227 1244 1382 1289 referri
1414 1247 1559 1308 possit
1577 1285 1587 1305 ,

200 1319 354 1364 laetitia
378 1318 599 1381 perfudit.
630 1322 749 1363 Cum
772 1320 898 1363 enim
922 1319 1008 1364 sub
1033 1322 1213 1382 magnis
1245 1321 1420 1384 ubique
1442 1333 1591 1369 terro-

202 1395 331 1441 ribus
355 1405 400 1440 et
429 1395 642 1457 periculis
667 1396 783 1442 infra
810 1396 1001 1441 urbium
1035 1407 1176 1459 atque
1202 1399 1489 1461 oppidorum
1516 1418 1595 1447 seu

202 1472 523 1518 munitionum
557 1489 747 1518 suarum
783 1474 954 1518 moenia
991 1473 1250 1519 diutissime
1276 1476 1445 1537 clausi,
1473 1478 1599 1524 velut

200 1548 248 1593 in
281 1563 514 1593 carcerem
550 1548 780 1605 damnati,
808 1548 982 1610 absque
1008 1548 1104 1593 ullo
1127 1566 1258 1611 pzrne
1289 1551 1456 1597 solatio
1484 1553 1597 1600 deli-

203 1625 422 1681 tuissent,
456 1625 621 1669 miram
647 1625 820 1670 eisdem
855 1625 1075 1670 afferebat
1100 1627 1328 1687 laetitiam,
1364 1630 1494 1692 quod
1519 1648 1597 1677 ve-

201 1703 285 1748 luti
309 1718 333 1748 e
358 1703 501 1763 longo
527 1712 571 1747 et
591 1713 710 1748 tetro
736 1719 919 1748 carcere
944 1703 990 1747 in
1011 1702 1274 1749 libertatem
1297 1721 1346 1750 se
1366 1706 1596 1754 adductos

203 1789 342 1842 atque
369 1779 604 1824 restitutos
634 1795 689 1823 ex
721 1779 966 1824 durissima
986 1780 1203 1825 servitute
1229 1780 1590 1830 arbitrabantur.

203 1855 495 1901 Videbantur
535 1872 618 1918 per
654 1865 830 1900 turmas
862 1856 984 1901 cives
1019 1856 1257 1919 utriusque
1292 1874 1455 1917 sexus,
1496 1871 1593 1907 tan-

202 1951 345 1998 quam
380 1951 405 1980 e
433 1935 692 1979 saevissimis
724 1934 1074 1997 tempestatibus
1098 1937 1255 1981 salvati
1292 1947 1338 1983 et
1367 1942 1591 2002 protecti,

202 2032 256 2060 ex
294 2013 558 2059 civitatibus
584 2022 723 2075 atque
755 2012 940 2076 oppidis
973 2014 1114 2072 exire,
1141 2024 1192 2059 ut
1217 2015 1389 2078 templa
1422 2021 1594 2065 summi

204 2092 311 2148 Dei,
334 2090 408 2136 vel
434 2091 482 2135 in
505 2090 737 2136 honorem
763 2089 975 2150 gloriosae
996 2090 1080 2135 Dei
1099 2092 1346 2137 Genitricis
1364 2093 1434 2138 vel
1455 2096 1594 2140 Sanc-

205 2178 362 2213 torum
396 2166 631 2223 dedicata,
660 2176 705 2211 et
729 2165 993 2211 devotionis
1017 2168 1247 2225 oratoria,
1277 2185 1361 2231 per
1390 2169 1593 2218 diversas

204 2243 468 2308 provincias
496 2252 540 2287 et
568 2242 692 2301 loca,
731 2242 959 2287 visitatum
991 2254 1259 2306 pergerent,
1286 2255 1331 2289 et
1363 2262 1463 2307 quae
1492 2250 1592 2293 Deo

204 2326 250 2369 in
275 2324 367 2368 suis
391 2332 617 2368 voverant
637 2322 859 2384 angustiis
882 2332 1021 2385 atque
1043 2324 1421 2383 necessitatibus,
1451 2325 1597 2373 fideli-

205 2412 273 2446 ter
310 2401 645 2464 persolverent.
684 2400 825 2456 Quod
860 2400 1034 2445 nedum
1070 2417 1097 2446 a
1131 2401 1310 2447 civibus
1345 2413 1389 2448 et
1428 2404 1595 2451 inermi

205 2477 528 2535 multitudine,
568 2493 728 2522 verum
769 2477 906 2522 etiam
943 2494 969 2522 a
1009 2479 1119 2522 viris
1159 2477 1463 2539 militaribus,
1501 2491 1596 2527 tam

204 2555 390 2600 Francis
422 2570 562 2617 quarn
585 2553 811 2615 Anglicis‚
841 2554 1048 2600 similiter
1079 2554 1234 2600 fiebat.
1270 2555 1467 2602 Juvabat
1489 2575 1598 2606 eva-

204 2631 315 2677 sisse
342 2641 409 2677 tot
432 2630 635 2694 pericula
670 2640 809 2693 atque
841 2640 991 2676 metus
1022 2630 1109 2677 sub
1140 2631 1309 2694 quibus
1341 2633 1551 2697 plerique
1574 2653 1601 2682 a

205 2710 402 2771 pueritia
432 2708 491 2754 ad
522 2724 665 2754 canos
690 2724 837 2771 usque
867 2717 1249 2772 senectutemque
1273 2723 1600 2774 pervenerant.

311 2800 323 2821 1
1402 2790 1444 2824 1¹1
