2037 3442
378 271 426 306 84
754 267 1093 304 HISTORIARUM
1121 267 1299 301 CAROLI
1327 266 1396 300 VII

376 350 475 395 tolli
500 358 545 394 et
568 349 756 393 servari.
786 351 844 391 Et
865 347 970 392 talis
995 345 1188 407 quidem
1210 343 1316 388 finis
1340 345 1480 405 hujus
1503 348 1779 394 transitoriae

374 427 475 470 vitae
497 424 723 469 Johannae
746 423 849 467 fuit.

437 499 733 564 Exspectabit
766 499 885 544 forte
907 498 1048 560 hujus
1079 498 1283 543 historiae
1314 497 1462 543 lector
1482 508 1697 543 nostrum
1724 498 1783 544 de

372 578 512 639 hujus
528 576 695 621 Puellae
715 574 1098 637 gestisjudicium
1117 611 1128 634 ,
1155 574 1214 619 de
1237 590 1330 637 qua
1355 591 1439 637 per
1459 591 1653 620 omnem
1675 575 1785 620 Gal-

370 655 482 701 liam
516 670 572 699 ea
604 661 883 716 tempestate
913 650 1220 697 celeberrima
1247 651 1370 697 fama
1392 651 1493 697 fuit.
1522 655 1617 698 Nos
1640 668 1752 697 vero
1769 689 1779 709 ‚

371 731 492 775 sicut
525 739 700 775 temere
731 745 935 774 asserere
969 745 1068 773 non
1105 728 1430 792 praesumimus
1454 728 1587 792 quod
1609 728 1785 775 revela-

371 807 523 851 tiones
551 814 596 851 et
628 805 972 869 apparitiones,
1008 820 1124 867 quas
1153 804 1375 850 habuisse
1410 803 1591 862 aiebat,
1625 822 1650 850 a
1682 808 1783 851 Deo

371 882 570 942 fuerint,
601 882 682 944 qui
706 881 940 927 missionis
963 898 1056 927 suae
1076 882 1207 942 signa
1232 881 1361 943 (quae
1384 880 1472 926 soli
1493 881 1664 926 dicitur
1688 882 1783 943 regi

371 958 540 1005 Carolo
577 959 775 1021 dixisse)
801 958 998 1003 minime
1027 958 1335 1019 agnovimus;
1362 959 1425 1003 ita
1449 956 1677 1003 audenter
1711 958 1785 1003 di—

369 1038 518 1082 cimus
554 1046 598 1082 et
632 1035 921 1081 affirmamus
954 1035 1110 1097 quod,
1147 1051 1202 1079 ex
1225 1050 1449 1097 processu
1474 1034 1595 1079 sacto
1621 1044 1786 1080 contra

371 1131 476 1160 eam
517 1114 690 1176 (quem
725 1113 813 1175 ipsi
847 1112 1052 1157 vidimus
1087 1121 1365 1174 postquam,
1402 1112 1558 1173 eJ'ectis
1600 1111 1781 1173 Anglis,

370 1191 660 1236 Normannia
693 1189 780 1234 sub
815 1189 971 1234 Caroli
1009 1189 1267 1244 ditionem,
1306 1188 1435 1234 velut
1458 1188 1781 1252 postliminio,

367 1266 598 1327 redierat)
637 1281 737 1310 non
771 1264 1056 1311 sufficienter
1094 1274 1279 1310 constat
1310 1265 1462 1328 ipsam
1499 1265 1558 1310 de
1593 1265 1786 1327 alicujus

369 1343 557 1389 erronei
591 1342 852 1404 dogmatis,
888 1352 1055 1388 contra
1084 1343 1330 1388 veritatem
1363 1342 1591 1387 doctrinae
1622 1341 1788 1387 catho-

369 1420 492 1478 licae,
523 1420 778 1465 assertione
798 1419 1066 1463 convictam
1093 1418 1167 1464 vel
1198 1419 1245 1463 in
1279 1419 1384 1480 jure
1412 1418 1702 1477 confessam,
1734 1434 1788 1462 ac

370 1514 455 1561 per
477 1496 571 1541 hoc
595 1496 782 1541 haeresis
799 1505 940 1557 atque
959 1497 1169 1559 relapsus
1192 1496 1301 1541 satis
1320 1496 1563 1541 manifeste
1587 1496 1788 1541 defuisse

374 1572 753 1618 fundamentum.
778 1574 1065 1634 Quanquam
1088 1573 1246 1630 etiam,
1277 1581 1445 1635 praeter
1467 1571 1578 1631 hoc,
1605 1582 1790 1635 poterat

376 1666 623 1715 processus
636 1649 909 1710 hujusmodi
926 1666 981 1694 ex
996 1650 1153 1695 multis
1171 1649 1403 1713 capitibus
1422 1649 1555 1710 argui
1570 1649 1762 1694 vitiosus
1775 1686 1786 1708 ,

375 1743 538 1773 coram
568 1726 844 1789 capitaiibus
881 1726 1081 1771 inimicis
1120 1742 1240 1789 saepe
1279 1742 1366 1788 per
1397 1743 1501 1770 eam
1535 1725 1785 1783 recusatis,

377 1804 607 1865 denegato
633 1802 720 1848 sibi
744 1804 885 1848 etiam
906 1805 1036 1848 omni
1054 1803 1274 1862 consilio,
1299 1820 1402 1865 quae
1422 1803 1617 1866 simplex
1636 1803 1791 1866 puella

380 1891 507 1939 erat,
545 1881 692 1926 factus
727 1889 773 1925 et
814 1880 1002 1927 habitus
1038 1898 1048 1923 :
1087 1879 1496 1941 quemadmodum
1530 1896 1585 1925 ex
1631 1879 1789 1925 libello

382 1975 526 2022 quem
563 1957 787 2021 desuper,
837 1957 896 2002 ab
932 1957 1102 2002 eodem
1137 1958 1306 2002 Carolo
1346 1958 1550 2020 expetito
1590 1975 1617 2003 a
1654 1957 1791 2002 nohis

382 2035 607 2092 consilio,
629 2033 864 2078 edidimus
881 2036 909 2093 ¹,
935 2034 971 2078 si
994 2034 1037 2078 ei
1053 2033 1113 2078 ad
1137 2033 1268 2095 cujus
1290 2034 1469 2078 venerit
1491 2050 1658 2078 manus
1681 2049 1791 2078 eum

382 2113 536 2174 legere
560 2112 818 2169 vacaverit,
846 2110 983 2156 latius
1007 2111 1179 2173 poterit
1208 2125 1452 2173 apparere.
1484 2109 1632 2155 Pulsis
1663 2111 1791 2154 enim

385 2190 444 2236 de
463 2188 753 2235 Normannia
774 2187 998 2249 Anglicis,
1023 2187 1149 2232 idem
1168 2186 1362 2232 Carolus
1381 2203 1466 2249 per
1485 2187 1642 2249 plures
1662 2187 1792 2249 regni

384 2267 455 2312 sui
480 2265 696 2330 praelatos
726 2274 771 2310 et
806 2264 949 2310 divini
984 2273 1124 2326 atque
1146 2264 1343 2309 humani
1375 2263 1492 2325 juris
1515 2263 1682 2309 doctos
1705 2263 1792 2309 ho-

385 2344 559 2403 mines,
590 2343 836 2405 diligenter
869 2358 1141 2405 processum
1167 2341 1444 2404 praedictum
1469 2341 1724 2386 examinari
1748 2350 1793 2386 et

440 2508 475 2542 1.
506 2509 556 2542 Ge
578 2505 762 2542 memoire
782 2504 899 2542 existe
921 2518 967 2542 en
997 2504 1205 2541 manuscrit
1224 2503 1315 2540 dans
1335 2504 1370 2541 le
1389 2504 1468 2541 vol.
1493 2506 1594 2541 5970
1616 2504 1666 2540 du
1684 2503 1793 2540 fonds

386 2563 478 2599 latin
509 2576 583 2599 aux
611 2564 836 2600 Manuscrits
875 2564 922 2601 dc
954 2564 990 2600 la
1017 2563 1283 2612 Bibliotheque
1313 2563 1525 2613 imperiale,
1569 2571 1605 2599 et
1638 2562 1730 2599 dans
1759 2562 1793 2598 le

386 2628 428 2658 11⁰
447 2623 546 2656 ‘1832
570 2621 616 2658 de
642 2623 736 2660 celle
759 2623 809 2659 du
830 2623 997 2659 Vatican.
1027 2626 1130 2659 ‚Nous
1156 2636 1203 2659 en
1228 2636 1347 2659 avons
1366 2622 1542 2673 imprime
1562 2622 1597 2659 16
1622 2621 1737 2658 debut
1758 2629 1793 2657 et

386 2680 440 2717 les
457 2679 695 2717 conclusions
712 2682 805 2718 dans
820 2682 854 2718 le
874 2685 943 2718 ΠΞ8
967 2682 1135 2728 volume,
1158 2696 1196 2732 p.
1219 2684 1307 2726 309,
1325 2682 1390 2719 des
1406 2683 1538 2719 Procas
1554 2683 1598 2718 cle
1618 2683 1791 2717 condam-

387 2743 513 2774 nullon
534 2747 569 2774 et
584 2740 630 2773 cle
651 2740 928 2775 re'lealn'lilatimz
951 2743 997 2775 (le
1011 2742 1155 2776 semme
1175 2744 1212 2776 la
1230 2744 1393 2777 Pucelle.
