2037 3442
453 320 527 354 υ2*ἑὸ
819 315 1155 352 HISTORIARUM
1184 314 1362 349 CAROLI
1391 316 1457 350 VII

449 415 587 443 suum
624 398 899 458 elongante‚
941 394 1096 456 Anglis
1130 393 1188 439 de
1235 393 1449 438 faciendo
1488 395 1838 456 inquisitionem

448 490 590 537 super
623 471 947 534 conjuratione
992 470 1193 533 spatium
1228 469 1462 514 indultum
1504 470 1684 529 fuisset,
1726 470 1838 531 quin

448 549 620 594 multos
643 565 698 594 ex
717 547 922 607 civibus,
945 547 1026 609 qui
1045 546 1118 591 vel
1142 555 1356 592 auctores
1380 546 1452 592 vel
1474 545 1725 609 complices
1744 545 1840 590 fue-

446 634 550 670 rant
569 624 674 687 conj
683 623 906 670 urationis
930 638 982 668 ac
999 621 1280 685 proditionis
1294 658 1305 680 ,
1330 622 1617 668 severissime
1634 621 1840 685 punivis-

445 710 563 746 sent.
590 701 730 763 Cujus
754 700 820 745 rei
844 715 941 744 non
963 699 1110 761 ignari
1134 699 1221 762 ipsi
1249 699 1400 756 cives,
1424 707 1553 744 metu
1573 696 1839 743 vehementi

443 778 671 823 continuo
712 775 1020 839 angebantur.
1062 777 1180 821 Cum
1214 775 1377 837 igitur,
1418 784 1470 820 ut
1501 775 1834 838 praemisimus,

443 864 562 900 esset
587 854 792 918 populus
828 853 970 899 totius
1005 852 1133 898 urbis
1168 869 1252 916 per
1288 851 1504 898 ecclesias
1542 852 1734 911 effusus,
1768 869 1838 898 re-

442 942 581 995 pente
603 932 781 978 clamor
804 930 998 994 quidam
1029 946 1113 993 per
1144 929 1379 976 civitatem
1402 929 1626 989 obortus,
1670 928 1837 975 eodem

440 1026 572 1073 paene
621 1018 865 1055 momento
911 1008 959 1052 in
1001 1006 1265 1070 quibusque
1304 1005 1508 1052 ecclesiis
1553 1005 1836 1070 populorum

440 1101 575 1131 aures
610 1085 849 1149 implevit,
892 1083 1023 1146 quod
1068 1082 1285 1129 videlieet
1336 1082 1463 1144 Angli
1500 1083 1624 1128 cives
1664 1081 1837 1144 ubique

440 1164 741 1226 perimerent.
770 1160 910 1217 Quod
945 1160 1141 1206 audiens
1176 1158 1396 1222 quidam,
1435 1160 1607 1205 caeteris
1641 1159 1701 1205 ad
1736 1175 1838 1205 suc·

439 1238 727 1284 currendum
755 1247 980 1299 tantoque
1011 1236 1221 1300 periculo
1254 1235 1577 1282 obsistendum
1610 1236 1832 1299 paratior,

441 1316 630 1361 concito
660 1331 799 1360 cursu
829 1314 889 1359 ad
922 1314 1088 1359 turrim
1108 1312 1351 1376 Horologii
1379 1313 1576 1359 civitatis
1607 1313 1832 1371 accurrit,

438 1392 486 1436 in
505 1408 598 1454 qua
618 1392 665 1436 in
684 1390 866 1436 excelso
888 1406 1094 1453 appensa
1116 1399 1185 1435 est
1213 1405 1463 1453 campana,
1497 1390 1628 1452 cujus
1650 1390 1805 1435 sonitu
1821 1424 1832 1446 ,

439 1468 512 1514 vel
547 1469 595 1514 in
630 1467 838 1513 hostium
875 1465 948 1512 vel
972 1465 1301 1512 incendiorum
1336 1475 1416 1511 aut
1446 1465 1640 1528 hujusce
1671 1463 1836 1528 [modi]

439 1544 682 1608 periculis,
708 1541 940 1608 populum
963 1543 1217 1589 convocari
1237 1552 1376 1606 atque
1400 1543 1448 1588 in
1472 1559 1619 1588 unum
1644 1557 1838 1603 congre-

438 1622 534 1683 gari
557 1621 746 1666 solitum
770 1631 853 1666 est.
879 1621 970 1676 Qui
995 1620 1186 1682 pulsans
1209 1620 1358 1684 ipsam
1383 1635 1685 1683 campanam,
1712 1619 1836 1664 illico

438 1708 584 1745 totam
609 1700 843 1744 civitatem
873 1698 933 1744 ad
968 1714 1098 1744 arma
1130 1699 1403 1744 commovit.
1433 1698 1598 1744 Statim
1630 1697 1831 1760 quippe,

436 1775 707 1820 inundantis
730 1776 950 1820 torrentis
972 1775 1141 1834 instar,
1169 1792 1267 1820 non
1287 1775 1560 1838 exspectatis
1591 1775 1835 1819 missarum

438 1861 484 1897 et
516 1868 758 1898 sacrorum
792 1851 1178 1914 complementis,
1220 1851 1423 1896 universi
1457 1850 1746 1909 exsilientes,
1776 1850 1835 1896 ad

437 1928 606 1973 domos
638 1945 742 1973 suas
765 1938 810 1973 et
829 1944 957 1974 arma
980 1927 1277 1991 corripienda
1300 1937 1668 1986 concurrerunt;
1695 1937 1835 1990 atque

436 2006 551 2051 alter
576 2005 772 2050 alterum
800 2021 971 2067 magno
1007 2005 1166 2051 animo
1199 2003 1501 2049 adhortantes
1534 2013 1578 2049 et
1608 2004 1832 2066 adjuvan-

437 2092 534 2140 teS‚
580 2098 663 2144 per
693 2098 857 2126 omnes
888 2091 1053 2127 stratas
1091 2090 1136 2126 et
1169 2080 1345 2144 plateas
1382 2080 1578 2125 civitatis
1615 2079 1834 2143 repagula

435 2169 478 2204 et
504 2159 788 2203 munitiones
813 2158 935 2203 illico
961 2167 1301 2204 exstruxerunt.
1339 2156 1592 2203 Trahentes
1626 2158 1751 2203 enim
1778 2174 1833 2204 ex

436 2235 613 2281 aedibus
649 2236 742 2280 suis
777 2235 927 2294 dolia,
961 2252 1176 2295 scamna,
1211 2235 1419 2295 tabulaS,
1458 2236 1593 2282 cistas
1630 2246 1675 2281 et
1707 2253 1832 2300 quae-

435 2327 639 2373 cumque
658 2312 810 2374 lignea
834 2328 912 2358 seu
939 2312 1244 2370 ferramenta,
1266 2312 1338 2357 vel
1356 2312 1528 2374 quaevis
1548 2312 1637 2358 alia
1660 2312 1721 2358 ad
1741 2312 1832 2358 hoc

435 2399 704 2452 Opportuna
721 2390 1026 2449 invenerunt,
1053 2406 1183 2453 paene
1203 2389 1251 2434 in
1270 2399 1537 2448 momento,
1560 2407 1645 2454 per
1670 2407 1832 2436 omnes

436 2466 611 2528 plateas
643 2476 686 2512 et
721 2476 886 2513 stratas
925 2467 1145 2526 civitatis,
1187 2475 1257 2511 tot
1294 2475 1340 2511 et
1374 2476 1501 2512 tanta
1540 2467 1832 2513 munimenta

435 2552 479 2587 et
514 2543 850 2606 impedimenta
886 2554 1146 2607 posuerunt
1169 2579 1180 2603 ,
1206 2543 1334 2606 quod
1362 2561 1459 2591 non
1490 2545 1635 2591 modo
1661 2561 1827 2607 equeS‚

435 2622 516 2667 sed
561 2641 648 2669 nec
689 2625 834 2688 pedes
871 2625 1035 2688 aliquis
1080 2641 1165 2689 per
1210 2624 1351 2671 ullam
1391 2625 1593 2688 plateam
1637 2624 1830 2672 civitatis

434 2700 663 2745 transiisse
685 2702 927 2762 potuisset.

500 2778 606 2831 Quo
631 2775 878 2822 subitaneo
905 2778 1102 2823 tumultu
1125 2788 1195 2834 et,
1219 2778 1361 2823 veluti
1383 2778 1573 2824 furentis
1595 2794 1715 2825 aurae
1739 2778 1828 2824 fra-
