2037 3442
421 379 466 413 38
798 375 1134 411 HISTORIARUM
1162 376 1341 410 CAROLI
1369 378 1435 411 VII

416 456 689 502 simulantes
710 455 827 500 velle
852 470 1018 518 pacem
1037 463 1176 516 atque
1195 455 1445 500 amicitiam
1464 472 1572 501 cum
1588 458 1688 520 ipso
1707 461 1814 502 Bur-

416 531 714 592 gundionum
737 531 857 576 duce
880 529 1119 575 conciliari
1140 539 1185 575 et
1210 530 1479 590 reformari,
1507 532 1677 594 ipsum,
1704 533 1813 580 data

415 607 501 652 sibi
538 608 669 652 omni
687 606 779 652 fide
803 616 848 651 et
865 606 1108 651 securitate
1125 622 1227 668 quae
1245 606 1345 651 dari
1369 608 1529 669 possit,
1555 608 1614 653 ad
1635 608 1813 655 dictum

415 693 616 729 castrum
662 684 720 729 de
760 682 1062 728 Monsterolio
1107 682 1359 728 adventare
1395 694 1704 746 procurarunt
1754 686 1813 731 ad

415 761 711 824 praesentiam
747 759 986 823 delphini,
1035 760 1165 821 quasi
1210 759 1270 805 de
1302 760 1491 820 negotio
1527 761 1654 822 pacis
1688 761 1815 808 bona

416 836 509 882 fide
536 837 659 882 inter
689 836 882 882 eosdem
913 836 1166 881 tractaturi.
1196 838 1314 880 Cum
1339 846 1495 881 autem
1530 835 1610 880 1110
1648 836 1816 882 adven·

415 922 581 972 tasset,
620 913 736 958 nihil
777 912 1054 958 insidiarum
1085 913 1372 974 suspicatus,
1411 921 1457 957 et
1490 911 1582 957 hoc
1626 913 1815 974 quidem

415 1000 580 1035 contra
610 990 924 1052 plurimorum
955 988 1014 1034 de
1043 989 1138 1034 suis
1169 990 1474 1052 opinionem,
1512 989 1594 1051 qui
1623 989 1682 1035 de
1705 989 1816 1035 dolo

415 1075 556 1128 atque
581 1065 760 1111 insidiis
782 1066 1112 1111 vehementem
1141 1066 1459 1129 suspicionem
1477 1065 1742 1124 habebant,
1770 1067 1815 1111 in

416 1144 661 1206 praesentia
688 1144 830 1206 ipsius
864 1142 1104 1205 delphini,
1141 1143 1189 1187 in
1222 1143 1403 1188 cervice
1437 1159 1712 1205 percussus,
1753 1144 1819 1188 in-

418 1230 673 1283 teremptus
703 1230 768 1265 est
793 1219 1155 1265 miserabiliter¹.

484 1301 517 1342 Α
549 1314 645 1360 quo
670 1306 824 1342 autem
850 1296 921 1341 vel
947 1312 972 1341 a
998 1295 1168 1358 quibus
1188 1311 1435 1359 percussus
1459 1297 1697 1356 exstiterit,
1724 1296 1820 1342 dif—

418 1374 552 1419 finire
578 1389 674 1418 non
702 1389 968 1435 possumus.
1004 1373 1216 1435 Suspecti
1240 1372 1433 1434 quidem
1464 1372 1522 1418 de
1555 1372 1648 1418 hoc
1671 1372 1819 1418 habiti

417 1459 525 1495 sunt
554 1449 769 1512 praefatus
795 1449 1127 1511 Tennequinus
1150 1448 1208 1493 de
1237 1451 1398 1494 Castro
1418 1485 1429 1506 ,
1463 1449 1522 1494 de
1554 1465 1649 1511 quo
1679 1465 1820 1512 supra

420 1526 760 1581 meminimus2,
797 1534 842 1570 et
881 1524 997 1569 alius
1032 1525 1240 1586 egregius
1265 1540 1319 1570 ac
1346 1534 1560 1570 strenuus
1597 1525 1728 1570 miles
1762 1525 1820 1570 de

419 1601 630 1665 partibus
659 1602 931 1662 Aquitaniae,
961 1610 1278 1664 cognomento
1312 1601 1592 1658 Barbesanz
1633 1600 1691 1645 de
1724 1617 1820 1662 quo

420 1695 467 1723 se
498 1693 774 1740 expurgasse
811 1693 836 1722 a
861 1676 1018 1722 multis
1042 1687 1269 1723 assertum
1301 1687 1385 1722 est.
1415 1680 1609 1722 Constat
1635 1687 1816 1734 tamen,

420 1770 830 1817 quorumcumque
864 1754 911 1799 id
944 1754 1162 1800 manibus
1180 1765 1414 1817 patratum
1439 1755 1684 1811 exstiterit,
1711 1770 1818 1798 eum

420 1832 468 1876 in
499 1831 625 1876 dicto
655 1840 807 1875 castro
844 1830 908 1874 sic
941 1840 1211 1885 enecatum,
1253 1831 1299 1875 in
1336 1830 1580 1892 praesentia
1608 1829 1817 1892 delphini

422 1909 561 1954 fuisse
591 1908 841 1954 crudeliter
867 1917 1162 1970 peremptum
1178 1910 1214 1962 ⁶3
1248 1908 1351 1969 qui,
1381 1907 1510 1969 quod
1535 1907 1593 1952 de
1619 1906 1710 1952 hoc
1733 1908 1819 1952 mi-

420 1986 548 2031 nime
570 1985 786 2030 conscius
811 1983 977 2040 fuerit,
1002 1984 1097 2028 imo
1122 1983 1295 2029 factum
1318 1984 1621 2029 vehementer
1642 1983 1820 2029 exhor-

422 2062 531 2120 ruit,
559 2062 759 2125 quitum
789 2060 943 2106 adhuc
966 2061 1150 2122 juvenis
1180 2070 1226 2105 et
1250 2059 1522 2105 adolescens
1553 2070 1674 2116 erat,
1709 2076 1821 2105 con-

422 2139 700 2184 stantissime
723 2146 768 2182 et
785 2153 812 2182 a
831 2152 880 2181 se
904 2145 950 2181 et
971 2152 996 2181 a
1012 2135 1225 2199 pluribus
1241 2136 1339 2181 aliis
1364 2144 1590 2180 assertum
1614 2145 1680 2180 est
1703 2151 1821 2180 sem-

424 2232 520 2278 per.
559 2217 627 2258 De
653 2229 746 2276 qua
769 2229 819 2257 re
843 2211 1074 2257 sentiendi
1098 2211 1359 2257 libertatem
1384 2212 1655 2273 unicuique,
1683 2220 1820 2274 prout

422 2292 571 2348 volet,
595 2290 980 2352 derelinquimus.

475 2429 491 2462 1
505 2455 512 2462 .
544 2428 596 2462 Le
615 2426 664 2461 10
679 2421 892 2474 septembre
914 2424 1029 2458 1419.

474 2487 511 2521 ⁶2.
543 2483 754 2528 Ci-dessus‚
780 2495 819 2532 p.
846 2483 909 2518 29.

476 2546 511 2579 3.
544 2542 700 2579 Arnaud
725 2541 903 2579 Guilhem
925 2539 971 2577 de
997 2538 1202 2576 Barbasan.
1227 2538 1385 2576 Suivant
1405 2539 1640 2584 Monstrelet,
1672 2551 1714 2576 ce
1746 2537 1819 2575 sei-

422 2617 543 2655 gneur
578 2617 625 2639 au
655 2601 843 2639 contraire
861 2600 987 2637 blama
1009 2599 1230 2636 hautement
1249 2598 1432 2635 l'attentat
1459 2598 1509 2635 (111
1529 2606 1621 2648 pont
1641 2588 1818 2634 de'Mon-

421 2671 564 2700 tereau.

474 2725 510 2759 4.
542 2723 638 2757 Tout
660 2734 701 2756 ce
725 2719 788 2768 qui
812 2718 988 2768 precede,
1011 2717 1143 2767 depuis
1162 2717 1196 2753 le
1219 2724 1543 2753 commencement
1561 2716 1612 2752 (111
1635 2714 1817 2764 chapitre,

373 2775 380 2784 ⁴
421 2794 441 2817 a
473 2780 530 2817 etc
558 2777 737 2815 intercalc
754 2807 762 2822 ‚
790 2790 882 2813 avec
913 2776 958 2813 de
981 2776 1127 2826 legeres
1154 2775 1425 2812 modifications
1441 2803 1449 2819 ,
1474 2775 1565 2811 dans
1585 2777 1637 2811 les
1655 2776 1819 2810 Annales

422 2840 610 2876 FlandrIae
628 2836 674 2873 de
690 2838 836 2884 Meyer,
854 2834 879 2872 l.
901 2836 983 2870 XV.
