2037 3442
492 324 540 357 52
866 320 1201 355 HISTORIARUM
1228 319 1408 354 CAROLI
1434 320 1500 354 VII

492 401 643 457 enim,
672 409 779 443 ante
808 397 917 441 belli
958 396 1229 454 exordium,
1258 396 1352 440 dux
1384 396 1657 441 Bethfordiae
1681 414 1763 459 per
1794 398 1877 442 he-

491 473 674 518 raldum
705 472 987 517 sciscitatum
1018 472 1213 516 misisset
1244 473 1491 516 Scotorum
1522 471 1664 516 duces
1695 471 1879 533 qualem

489 548 598 593 belli
621 548 941 593 conditionem
965 547 1044 592 illo
1069 548 1143 593 die
1181 547 1429 593 observare
1454 556 1792 611 proponerent,
1818 547 1881 591 illi

490 625 548 669 de
571 627 664 670 suis
683 624 860 669 viribus
877 634 1015 686 atque
1031 624 1327 670 multitudine
1344 634 1617 686 arroganter
1635 624 1883 669 sentientes

490 711 535 747 et
556 702 691 746 nimis
708 711 880 747 temere
902 712 1249 764 praesumentes,
1270 702 1481 746 feruntur
1501 700 1795 764 respondisse
1816 715 1880 756 se,

490 779 570 823 illo
595 778 687 836 die,
714 794 800 822 nec
826 778 1070 838 Angiicum
1086 779 1324 841 captivum
1352 794 1553 837 servare,
1580 794 1667 822 nec
1688 794 1735 822 se
1753 778 1885 821 vivos

491 854 745 914 Anglorum
770 855 977 917 captivos
995 853 1165 899 abduci
1181 854 1313 899 velle.
1338 854 1481 910 Quod
1500 870 1775 916 responsum
1801 856 1886 897 An-

490 929 675 991 glorum
696 931 879 976 animos
914 930 962 974 in
993 946 1159 975 eorum
1191 930 1355 976 odium
1390 940 1528 993 atque
1560 945 1722 975 necem
1745 928 1886 974 vehe-

491 1016 671 1051 menter
693 1006 921 1066 accendit,
957 1007 1004 1050 in
1031 1023 1223 1069 eosque,
1253 1023 1397 1069 quam
1421 1007 1485 1052 eis
1513 1005 1681 1051 inferre
1708 1020 1884 1067 propo-

489 1092 695 1141 suerant,
720 1083 872 1128 vicem
896 1081 1085 1128 refudit.

960 1298 1295 1342 CAPITULUM
1330 1298 1404 1341 IV.

535 1430 641 1473 Quod
658 1431 839 1464 infelicitas
862 1430 1067 1476 hujusmodi
1092 1431 1200 1476 praelii
1222 1431 1384 1463 nonnihil
1404 1429 1583 1464 commodi
1601 1431 1713 1464 attulit
1736 1441 1842 1475 regno

1077 1490 1303 1525 Francorum.

557 1617 840 1676 Quanquam
878 1624 1035 1660 autem
1071 1615 1400 1677 hujuscemodi
1432 1616 1640 1679 praelium
1670 1631 1766 1659 non
1807 1630 1889 1677 pa-

495 1706 601 1734 rum
643 1690 925 1736 damnosum
980 1691 1253 1753 exitiaieque
1290 1691 1426 1737 suerit
1462 1693 1671 1750 Francis,
1712 1701 1885 1747 tamen,

495 1777 636 1829 prout
660 1767 758 1829 ipse
788 1783 908 1829 saepe
937 1785 963 1813 a
990 1767 1359 1830 prudentissimis
1383 1771 1669 1813 Francorum
1694 1765 1890 1811 ducibus

497 1843 779 1899 audivimus⁷
813 1845 1063 1888 Scotorum
1104 1860 1218 1889 nece
1254 1861 1307 1889 ac
1342 1843 1617 1906 perditione,
1662 1843 1890 1888 damnum

497 1919 627 1981 quod
668 1920 962 1964 incurrerant
991 1920 1098 1964 satis
1130 1930 1429 1982 repensatum
1465 1930 1549 1965 est.
1591 1923 1732 1964 Tanta
1764 1920 1890 1963 enim

498 1996 861 2059 praesumptione
901 2012 954 2040 ac
988 1995 1183 2041 audacia
1214 1995 1483 2041 ferebantur
1509 1996 1650 2052 Scoti,
1682 1995 1802 2040 vires
1837 2010 1891 2039 ac

498 2071 757 2135 potentiam
777 2074 1062 2117 Francorum
1092 2080 1447 2117 contemnentes
1470 2080 1515 2116 et
1540 2088 1626 2133 pro
1653 2071 1801 2115 nihilo
1826 2087 1894 2116 re-

500 2157 746 2210 putantes,
788 2163 891 2209 quae
921 2147 1016 2208 jam
1057 2157 1157 2192 tum
1193 2164 1246 2192 ex
1283 2148 1495 2193 civilibus
1517 2157 1617 2192 tum
1646 2146 1892 2191 hostilibus

499 2222 632 2269 bellis
651 2223 907 2286 plurimum
932 2224 1093 2268 attritae
1110 2223 1432 2286 depressaeque
1458 2225 1744 2278 exstiterant,
1764 2223 1892 2285 quod

501 2300 659 2345 animo
679 2309 1040 2362 proposuerant,
1063 2300 1097 2345 si
1115 2300 1283 2362 Anglos
1305 2301 1352 2345 in
1373 2300 1452 2347 illo
1478 2300 1634 2365 praelio
1659 2300 1894 2362 protrivis-

501 2385 620 2433 sent,
641 2375 823 2420 nobiles
841 2391 1006 2420 omnes
1028 2374 1320 2437 Andegaviae,
1347 2376 1561 2421 Turoniae
1586 2385 1630 2420 et
1652 2375 1832 2420 Bituriae
1849 2383 1893 2419 et

500 2454 761 2499 vicinarum
784 2463 1029 2510 terrarum,
1059 2454 1139 2515 qui
1171 2453 1335 2515 reliqui
1368 2463 1515 2511 erant,
1542 2454 1789 2516 perimere,
1811 2468 1891 2496 eo-

501 2546 700 2592 rumque
721 2529 906 2587 domos,
934 2545 1102 2574 uxores
1126 2545 1179 2574 ac
1210 2539 1371 2586 terraS,
1398 2539 1441 2575 et
1470 2530 1784 2592 possessiones
1799 2528 1894 2590 opi-

503 2621 600 2650 mas
626 2622 710 2651 suo
728 2607 823 2668 juri
843 2622 896 2651 ac
919 2605 1132 2650 dominio
1155 2606 1439 2668 mancipare.
1458 2605 1596 2661 Quod
1619 2604 1783 2668 procul
1806 2603 1893 2647 du-

501 2679 581 2725 bio
603 2698 698 2726 non
725 2682 912 2727 difficile
933 2682 997 2727 eis
1022 2682 1221 2727 multum
1242 2681 1364 2727 sactu
1388 2681 1562 2739 suisset,
1590 2682 1626 2727 si
1650 2698 1735 2744 pro
1759 2689 1889 2735 voto,

502 2757 772 2819 hujusmodi
796 2759 952 2820 praelio
975 2759 1229 2821 peremptis
1253 2768 1393 2820 atque
1417 2758 1650 2804 exstinctis
1674 2755 1890 2818 Anghcis,
