2037 3442
707 321 849 356 LIBER
876 318 1116 366 QUARTUS.
1545 316 1617 353 185

218 396 432 461 exemplo
457 411 757 463 provocatus,
781 403 861 464 qui
883 401 1053 447 similes
1073 400 1317 447 violentias
1339 409 1479 461 atque
1500 398 1620 461 inju-

219 473 310 519 rias
334 475 493 537 patriae
518 478 601 522 toti
632 478 804 524 inferre
828 478 1130 542 properabat.

283 553 390 596 Erat
428 552 555 597 enim
590 563 726 611 tunc,
757 553 843 599 sub
880 554 1059 599 ditione
1095 553 1381 616 Anglorum,
1409 552 1618 614 regimen

218 627 472 688 pessimum
505 638 550 673 et
575 629 872 675 deordinatio
907 646 1075 691 magna
1100 631 1147 674 in
1183 639 1279 674 tota
1311 628 1614 674 Normannia.

216 703 407 749 Venalis
432 705 559 750 enini
582 705 697 751 facta
724 706 806 751 fuit
831 722 913 769 per
937 721 1044 761 eos,
1069 706 1150 766 qui
1180 704 1461 765 Anglicanos
1490 721 1620 766 rege-

218 778 361 839 bant,
404 781 746 829 administratio
782 793 825 828 et
868 782 1145 844 gubernatio
1186 781 1512 837 Normanniae3
1559 782 1622 826 ita

218 857 349 919 quod
388 858 451 903 illi
491 876 570 904 seu
596 860 681 905 illis
722 860 1118 918 committeretur,
1159 858 1239 920 qui
1279 858 1327 902 in
1364 856 1620 902 licitatione

218 933 334 979 alios
358 947 669 999 superassent.
697 940 811 994 Qua’
833 954 905 983 res
932 937 1116 983 animos
1142 934 1410 981 accolarum
1434 933 1617 995 patriae,

218 1027 384 1073 parum
405 1023 542 1059 antea
561 1014 616 1060 ad
639 1015 894 1077 Anglorum
918 1014 1109 1060 affectos
1132 1011 1400 1075 imperium,
1428 1025 1621 1072 prorsus

221 1097 318 1133 tum
341 1089 400 1134 ab
421 1106 477 1134 eo
502 1090 814 1137 distraxerunt
838 1102 978 1153 atque
1002 1089 1344 1146 abalienarunt,
1363 1087 1480 1132 dum
1498 1085 1619 1131 vide-

218 1176 324 1211 rent
339 1182 419 1211 eos
443 1166 502 1211 de
524 1168 680 1229 quiete
697 1177 742 1214 et
760 1168 936 1228 justitia
958 1166 1202 1212 communi
1222 1164 1426 1226 regionis
1443 1162 1622 1209 nullam

218 1257 380 1286 curam
407 1258 581 1302 gerere,
610 1260 762 1306 neque
785 1260 978 1289 suorum
1001 1242 1201 1288 militum
1225 1240 1418 1302 injurias
1442 1254 1617 1297 arcere,

217 1333 332 1379 quas
355 1318 538 1381 populo
568 1330 699 1366 terrae
735 1319 917 1366 assidue
940 1319 1222 1365 inferebant.
1259 1321 1364 1363 Non
1390 1317 1516 1362 enim
1533 1353 1544 1375 ,
1572 1326 1622 1361 ut

216 1393 472 1455 aliquando
499 1396 824 1454 observarant,
859 1405 1029 1441 statuta
1061 1394 1294 1458 stipendia
1323 1392 1500 1439 dabant
1531 1409 1623 1438 suae

218 1469 417 1527 militiae3
446 1472 526 1517 sed
551 1473 726 1518 ducum
750 1482 794 1518 et
818 1473 1171 1535 capitaneorum
1204 1471 1430 1534 rapacitas
1462 1470 1621 1514 omnia

218 1546 517 1607 absorbebat,
546 1559 590 1596 et
613 1559 745 1596 erant
766 1549 892 1613 apud
910 1549 1099 1611 Anglos,
1124 1548 1378 1612 provinciae
1393 1547 1619 1609 regimen,

218 1624 419 1669 militum
437 1625 652 1685 ducatus,
676 1627 1008 1689 capitaneatus,
1027 1634 1285 1686 caeteraque
1297 1623 1455 1669 omnia
1468 1622 1624 1668 officia

218 1702 426 1760 venalia,
459 1703 520 1748 ita
552 1713 604 1748 ut
635 1704 693 1749 de
730 1703 876 1749 salute
899 1703 1056 1767 patriae
1082 1712 1127 1747 et
1150 1700 1417 1764 reipublicae
1442 1699 1621 1745 nullam

217 1796 409 1842 prorsus
443 1797 603 1826 curam
639 1790 880 1843 gererent,
932 1780 1010 1825 sed
1046 1796 1148 1825 eam
1182 1778 1323 1824 veluti
1359 1776 1623 1838 neglectam

217 1855 391 1901 habere
430 1857 718 1902 viderentur.
760 1857 880 1912 Quia
903 1873 1014 1902 vero
1038 1856 1210 1901 scelera
1245 1853 1387 1915 longa
1417 1853 1622 1916 impuni-

219 1939 311 1976 tate
346 1943 392 1978 ct
424 1934 611 1979 licentia
646 1933 858 1996 accipere
899 1933 1241 1979 incrementum
1278 1940 1323 1976 et
1353 1929 1491 1975 latius
1521 1945 1621 1975 sese

219 2008 470 2054 extendere
505 2019 877 2068 consueverant,
920 2026 1017 2055 non
1056 2007 1267 2054 contenti
1299 2006 1476 2068 Anglici
1506 2007 1620 2052 tales

219 2085 406 2148 rapinas
449 2096 589 2148 atque
625 2086 818 2147 injurias
857 2086 1072 2150 plebibus
1115 2100 1209 2130 suae
1250 2082 1443 2128 ditionis
1480 2092 1620 2145 atque

218 2160 496 2207 obedientiae
536 2162 736 2222 inferre,
782 2164 921 2209 etiam
962 2163 1007 2207 in
1046 2160 1296 2207 limitaneis
1331 2162 1620 2204 Francorum

218 2239 350 2283 terris
371 2239 535 2285 similia
553 2238 779 2303 paulatim
798 2239 1109 2303 praesumendi
1123 2254 1288 2284 ausum
1306 2245 1615 2299 acceperunt,

217 2325 290 2374 et,
331 2333 438 2361 cum
483 2318 814 2380 opportunitas
854 2318 1071 2376 daretur,
1111 2334 1209 2363 non
1248 2315 1400 2361 solum
1440 2314 1620 2378 praedas

218 2410 379 2455 agere,
416 2411 579 2439 verum
609 2395 750 2441 etiam
788 2405 833 2440 et
868 2405 1070 2442 armatos
1105 2404 1185 2441 aut
1224 2392 1407 2439 nobiles
1447 2391 1620 2436 militiae

219 2473 533 2530 Francorum,
566 2472 602 2518 si
641 2473 919 2537 intercipere
947 2489 1026 2519 eos
1055 2480 1268 2536 possent,
1308 2468 1543 2516 trucidare
1575 2477 1620 2514 et

213 2546 441 2609 jugulare.

283 2623 374 2669 Sed
406 2623 616 2687 profecto
640 2641 738 2671 non
770 2625 850 2671 diu
879 2625 985 2671 talia
1016 2626 1209 2689 impune
1243 2639 1379 2686 agere
1402 2622 1618 2686 permissi

218 2710 325 2747 sunt
347 2717 373 2746 a
396 2702 606 2760 Francis,
634 2703 749 2766 quin
773 2703 869 2748 imo
893 2703 1033 2748 etiam
1058 2719 1165 2748 cum
1188 2701 1355 2760 usuris,
1377 2716 1475 2744 non
1501 2698 1617 2744 mul-

218 2779 273 2823 tis
297 2778 474 2826 effluxis
501 2779 755 2839 mensibus,
782 2780 990 2827 fecerunt
1010 2780 1074 2826 eis
1090 2777 1466 2825 retributionem.
1499 2775 1616 2821 Ade-
