2037 3442
450 310 521 344 164
825 306 1158 341 HISTORIARUM
1186 307 1363 341 CAROLI
1390 309 1457 342 VII

445 398 583 450 atque
607 385 952 448 indisciplinata
993 385 1178 443 militia,
1215 386 1424 448 profecto
1460 389 1620 434 omnia
1641 392 1835 452 popula-

442 464 557 510 bant
588 473 728 524 atque
769 460 1024 506 vastabant.
1055 461 1188 507 Cives
1223 470 1380 507 autem
1418 462 1588 525 quibus
1619 463 1680 510 ad
1709 473 1837 511 tuen-

443 539 552 585 dam
586 537 850 583 libertatem
869 573 880 595 ‚
911 552 1004 599 qua
1028 553 1112 600 per
1135 537 1282 583 multa
1311 540 1573 585 centenaria
1603 556 1836 586 annorum

441 615 577 679 potiti
603 623 712 659 sunt
729 651 740 673 ,
767 629 920 676 neque
957 614 1099 659 animi
1117 647 1129 669 ‚
1157 629 1310 676 neque
1337 630 1451 678 opes
1483 616 1702 675 deerant,
1729 634 1836 662 cum

441 691 501 737 ad
524 689 756 753 stipendia
780 705 858 735 sua
885 690 1068 735 circiter
1089 690 1214 736 mille
1238 701 1318 736 aut
1352 691 1631 753 quingentos
1661 693 1837 755 equites

439 768 668 814 haberent
683 802 694 823 ,
726 767 960 812 civitatem
980 783 1113 812 suam
1135 767 1327 813 viriliter
1347 777 1393 812 et
1415 778 1629 831 potenter
1652 786 1677 815 a
1696 773 1836 815 Fran-

439 847 504 893 cis
542 845 808 892 tuebantur.
859 847 913 889 Et
951 844 1123 890 multos
1163 861 1282 908 saepe
1322 862 1375 891 ex
1410 846 1596 891 Francis
1634 847 1713 908 qui
1755 864 1838 909 per

438 941 573 988 agros
588 934 634 970 et
648 923 777 970 villas
792 960 802 980 ‚
823 923 921 968 sine
939 923 1032 968 ulla
1049 922 1222 968 militiae
1236 915 1545 987 dispositione
1564 922 1636 968 vel
1654 922 1834 983 ordine,

440 1001 744 1063 vagabantur,
764 1001 972 1064 captivos
993 999 1229 1045 ducebant
1247 999 1306 1046 ad
1327 1016 1460 1046 suam
1474 1000 1723 1045 civitatem.
1747 1003 1838 1045 Cu-

434 1078 510 1140 jus
549 1079 741 1141 quidem
781 1077 984 1123 interdiu
1023 1087 1183 1140 portas
1220 1078 1413 1122 minime
1453 1077 1629 1122 clausas
1674 1087 1836 1123 tenue—

438 1163 573 1210 runt,
595 1164 645 1199 ut
662 1170 710 1199 se
733 1163 777 1198 et
794 1153 854 1199 ad
873 1152 1197 1198 defensionem
1217 1170 1309 1198 suae
1329 1152 1552 1199 libertatis
1574 1153 1833 1210 animosos,

437 1240 482 1275 et
506 1230 634 1276 illam
664 1231 764 1276 sine
795 1229 962 1276 ordine
987 1247 1042 1275 ex
1065 1231 1223 1276 castris
1248 1231 1440 1276 effusam
1464 1247 1549 1294 per
1573 1247 1681 1276 suos
1703 1247 1836 1292 agros

436 1306 787 1350 multitudinem
816 1322 983 1368 parum
1004 1315 1082 1351 aut
1105 1306 1220 1351 nibil
1243 1307 1408 1352 timere
1430 1307 1743 1352 ostenderent.

502 1384 618 1428 Satis
643 1393 799 1428 autem
822 1383 1048 1428 indicavit
1071 1400 1151 1429 rex
1172 1385 1365 1429 Carolus
1387 1401 1484 1429 non
1508 1384 1644 1430 fuisse
1667 1401 1836 1447 propo-

434 1461 507 1505 siti
541 1462 610 1506 sui
646 1469 726 1507 aut
763 1462 1033 1508 intentionis
1071 1462 1238 1508 urbem
1273 1463 1397 1508 illam
1432 1462 1505 1509 vel
1528 1463 1740 1509 obsidere
1763 1463 1834 1509 vel

435 1553 730 1600 expugnare,
768 1555 876 1584 cum
914 1538 973 1584 ad
1004 1555 1107 1584 eam
1138 1549 1286 1585 castra
1321 1540 1447 1585 nulla
1471 1539 1730 1585 admoverit
1752 1555 1834 1584 seu

436 1613 691 1659 collocarit.
721 1617 842 1674 Nec,
869 1615 907 1661 si
939 1614 1031 1660 hoc
1057 1615 1208 1661 facere
1244 1625 1532 1674 attentasset,
1560 1615 1689 1661 facile
1723 1625 1834 1661 tunc

434 1693 749 1756 adimplesset.
783 1697 902 1739 Cum
940 1695 1065 1739 enim
1091 1695 1250 1741 civitas
1290 1695 1347 1739 sit
1380 1695 1529 1754 vallo,
1568 1694 1829 1751 moenibus,

435 1768 640 1814 turribus
673 1780 812 1832 atque
848 1770 1075 1815 machinis
1108 1770 1217 1816 belli
1255 1771 1588 1828 munitissima,
1627 1788 1832 1834 semper-

435 1862 526 1907 que
550 1847 690 1891 etiam
709 1883 719 1905 ,
741 1863 873 1909 piene
905 1862 992 1909 pro
1016 1847 1210 1892 biennio
1227 1883 1238 1905 ,
1261 1863 1452 1893 annona
1474 1847 1534 1893 ad
1556 1847 1730 1893 bellum
1752 1864 1833 1891 ne-

436 1927 632 1972 cessaria
667 1927 852 1989 provisa
891 1936 935 1971 et
968 1926 1162 1985 referta,
1199 1927 1487 1990 haberetque
1523 1937 1635 1973 tunc
1667 1926 1835 1971 milites

435 2019 544 2048 eum
576 2003 755 2067 populo
788 2019 986 2049 numero
1016 2003 1264 2049 sufficienti
1297 2021 1384 2067 pro
1420 2003 1631 2048 custodia
1659 2013 1703 2047 et
1731 2020 1833 2048 mu-

436 2082 613 2127 nimine
632 2082 727 2141 sui,
758 2098 853 2126 non
877 2081 1036 2126 fuisset
1058 2091 1170 2126 tunc
1196 2081 1326 2126 facile
1349 2081 1444 2142 regi
1470 2090 1549 2126 aut
1565 2079 1695 2125 alteri
1713 2080 1835 2143 prin-

436 2158 530 2221 cipi
553 2159 688 2204 talem
714 2157 879 2203 urbem
902 2175 957 2203 ex
982 2157 1192 2202 libertate
1226 2158 1272 2202 in
1297 2173 1430 2203 suam
1454 2157 1662 2218 redigere
1689 2157 1835 2202 servi-

439 2243 601 2280 tutem.
639 2236 773 2298 Regis
797 2245 952 2281 tamen
988 2235 1149 2279 Renati
1184 2233 1243 2279 ad
1278 2234 1475 2280 alterum
1505 2250 1697 2292 eorum,
1733 2250 1833 2296 quae

437 2311 638 2357 diximus
655 2351 666 2368 ,
694 2312 990 2376 propositum
1012 2320 1150 2373 atque
1174 2311 1372 2356 intentio
1399 2311 1684 2357 ferebantur.
1708 2310 1833 2367 Quid

434 2397 591 2433 autem
610 2405 687 2433 rex
705 2387 898 2433 Carolus
922 2386 1202 2445 intenderet,
1231 2387 1379 2432 exitus
1403 2388 1470 2432 rei
1494 2403 1671 2449 magnae
1695 2397 1832 2448 atque

433 2464 631 2511 difficilis
661 2481 802 2528 quam
825 2464 917 2509 illic
947 2464 1113 2524 gessit,
1143 2463 1250 2508 satis
1289 2480 1314 2508 e
1346 2464 1539 2524 vestigio
1561 2463 1826 2509 declaravit.

435 2544 551 2587 Cum
575 2544 701 2589 enim
727 2543 864 2588 nimis
887 2558 1055 2604 magna
1075 2551 1119 2587 et
1143 2541 1340 2587 confusa
1358 2550 1496 2603 atque
1517 2543 1615 2586 sine
1639 2541 1825 2598 ordine,

434 2627 484 2661 ut
524 2635 642 2681 saepe
682 2620 906 2679 diximus,
936 2619 1185 2664 serentium
1217 2634 1349 2665 arma
1386 2636 1469 2682 per
1502 2629 1654 2665 totum
1689 2621 1829 2662 Fran-

434 2710 595 2738 corum
634 2712 829 2756 reguum
866 2695 1119 2743 multitudo
1158 2705 1429 2757 vagaretur,
1478 2711 1682 2757 quorum
1722 2708 1828 2756 pars

432 2770 608 2832 major,
649 2770 824 2832 absque
856 2772 1091 2833 stipendio
1116 2781 1293 2816 armata
1319 2771 1566 2828 incedens,
1596 2786 1692 2815 non
1717 2768 1826 2813 hos-
