2037 3442
382 322 456 355 236
752 322 1089 356 HISTORIARUM
1117 322 1294 358 CAROLI
1323 325 1390 359 VII

381 401 655 445 Baiocenses
680 400 796 445 fines
828 411 1162 446 veteranorum
1192 404 1340 466 copiis
1369 414 1560 466 possent
1583 407 1774 467 conjun—

381 492 504 537 gere.
535 479 641 521 Erat
663 486 818 521 autem
844 477 888 522 in
914 494 970 522 eo
995 481 1282 523 Francorum
1310 480 1516 525 exercitu
1541 480 1634 524 dux
1658 497 1775 543 prae-

379 554 544 616 cipuus
568 553 967 599 Claromontensis
991 558 1183 611 comes¹‚
1204 556 1323 601 filius
1342 557 1679 619 primogenitus
1697 557 1777 603 du-

380 629 444 674 cis
480 628 723 686 Borbonii,
754 647 896 692 gener
925 631 1075 676 Caroli
1111 635 1398 677 Francorum
1429 634 1568 693 regis,
1596 633 1776 679 liabens

379 705 425 749 in
459 721 544 750 5110
574 707 800 751 comitatu
825 706 967 752 duces
992 708 1195 753 famosos
1220 707 1467 753 dominum
1500 713 1686 754 Petrum
1717 710 1775 755 de

379 785 538 839 Brezz',
577 782 854 845 Floquetum
887 794 932 829 et
966 784 1122 847 plures
1153 784 1294 841 alios,
1325 787 1405 847 qui
1442 786 1774 831 instructorum

379 860 578 906 rnilitum
592 862 875 924 equestrium
891 863 1049 924 copias
1066 862 1372 907 validissimas
1394 862 1659 920 habebant,
1678 880 1773 908 11011

379 946 535 982 13111611
571 938 819 1000 aequabant
854 955 1052 984 numero
1093 939 1344 1000 Anglorum
1379 940 1658 998 exercitum,
1697 941 1776 1001 qui

378 1014 560 1061 circiter
583 1015 643 1061 ad
663 1026 842 1079 septem
870 1016 1012 1061 millia
1032 1015 1311 1062 bellatorum
1332 1016 1661 1062 aestimabatur.

827 1211 1157 1254 CAPITULUM
1192 1212 1352 1254 XXIV.

425 1331 616 1365 Conflictus
633 1333 723 1365 inter
748 1333 899 1364 Francos
921 1340 954 1365 et
981 1332 1145 1378 Anglicos
1167 1331 1262 1377 apud
1279 1332 1396 1365 villam
1414 1331 1539 1366 dictam
1558 1333 1733 1379 Formigny

669 1391 704 1424 in
720 1391 935 1425 Normannia
950 1417 958 1433 ‚
980 1399 1012 1424 et
1029 1391 1072 1423 de
1093 1391 1275 1424 obsidione
1293 1392 1487 1427 Baiocensi.

442 1499 561 1542 Cum
602 1497 742 1559 igitur
777 1497 1120 1542 contenderent
1164 1498 1272 1542 totis
1314 1497 1563 1543 conatibus
1601 1497 1779 1559 Anglici

381 1574 568 1619 Baiocas
605 1574 870 1636 pertingere
912 1573 1124 1636 vadaque
1156 1574 1255 1636 jam
1290 1575 1634 1632 transivissent,
1676 1590 1778 1636 quae

376 1652 739 1696 Constantinum
768 1661 813 1697 et
845 1652 1156 1697 Baiocismum
1185 1651 1446 1710 dividu1n2,
1473 1652 1521 1696 in
1543 1651 1652 1696 villa
1676 1667 1777 1713 quae

377 1728 516 1788 vulgo
565 1728 914 1773 Forminiacum
950 1728 1227 1791 appellatur,
1265 1728 1414 1773 tribus
1459 1737 1538 1772 3111
1572 1737 1778 1789 quatuor

375 1804 519 1849 leucis
545 1803 744 1849 distante
778 1821 803 1850 a
826 1804 1009 1850 civitate
1035 1805 1237 1862 Baiocis,
1265 1808 1556 1849 Francorum
1581 1804 1672 1850 illic
1697 1821 1777 1849 eos

377 1881 602 1925 remorari
627 1881 778 1942 coegit
807 1881 1052 1926 exercitus.
1083 1880 1174 1936 Qui
1199 1896 1296 1925 sese
1329 1888 1493 1924 contra
1513 1889 1663 1925 castra
1688 1883 1777 1924 An-

378 1957 562 2018 glorum
587 1956 916 2016 admoventes,
944 1957 1036 2002 suis
1068 1956 1293 2001 ordinatis
1318 1956 1538 2017 utrinque
1563 1944 1772 2013 aciebus,

377 2053 460 2100 per
482 2053 698 2098 magnam
731 2036 824 2081 diei
853 2046 1033 2099 partem
1059 2046 1225 2081 mutuo
1260 2052 1358 2080 sese
1383 2036 1566 2080 eminus
1591 2034 1778 2097 conspi-

378 2112 577 2158 ciebant.
619 2113 709 2157 Sed
746 2129 855 2157 cum
887 2129 913 2158 a
949 2112 1236 2174 quibusdam
1264 2110 1626 2168 bombardellis,
1662 2126 1776 2173 quas

378 2190 669 2253 serpentinas
687 2200 875 2247 vocant,
896 2190 1060 2235 Franci
1081 2198 1228 2233 635113
1247 2188 1502 2250 Anglorum
1520 2187 1775 2250 plurimum

378 2266 765 2324 damnificarent,
813 2276 1067 2329 eruperunt
1113 2282 1137 2311 e
1173 2266 1332 2311 castris
1369 2266 1625 2327 Anglorum
1668 2282 1776 2310 cum

378 2345 556 2407 impetu
591 2343 748 2390 valido
791 2344 975 2388 circiter
1013 2343 1259 2405 quingenti
1292 2343 1536 2403 sagittarii3
1584 2342 1665 2403 qui
1714 2342 1779 2386 lo-

379 2437 505 2480 cum,
525 2420 650 2465 unde
667 2437 747 2465 605
765 2419 897 2465 diciae
915 2420 1191 2482 serpentinae
1215 2418 1511 2474 infestabant,
1535 2418 1777 2464 celerrime

378 2507 622 2560 petentes,
655 2497 843 2542 easdem
877 2496 1063 2541 Francis
1096 2495 1415 2553 abstulerunt,
1444 2496 1569 2541 caesis
1594 2495 1778 2558 fugatis·-

434 2671 470 2704 1.
502 2671 595 2705 Jean
608 2698 616 2714 ‚
636 2676 758 2705 comte
775 2668 821 2705 de
838 2668 1029 2705 Clermont
1043 2696 1052 2712 ‚
1081 2666 1214 2717 depuis
1232 2666 1305 2702 duc
1325 2665 1371 2702 (lc
1392 2664 1585 2702 Bourbon.

433 2729 471 2765 2.
503 2730 554 2763 Le
583 2727 654 2776 guc
679 2727 994 2773 Saint-Clmnent,
1023 2729 1137 2776 qu'on
1170 2739 1276 2776 passe
1304 2727 1321 2760 ἐι
1355 2724 1479 2761 marce
1507 2723 1613 2760 basse
1645 2735 1709 2758 sur
1737 2721 1770 2757 la

380 2786 481 2823 Virc.
