2037 3442
678 282 818 317 LIBER
846 282 1110 320 SECUNDUS.
1542 281 1589 315 75

201 379 330 426 paene
350 362 604 426 desperatis
630 362 675 407 in
701 372 795 407 tam
818 363 1046 409 secundas
1076 380 1129 409 ac
1157 379 1428 426 prosperas,
1455 363 1517 408 ita
1542 372 1592 407 ut

200 456 308 484 vere
332 439 390 484 de
416 448 544 484 tanta
566 440 873 485 conversione
897 440 1091 486 sortunae
1117 440 1208 485 diei
1230 450 1385 503 posset
1407 458 1414 484 :
1444 461 1464 481 «
1487 442 1592 485 Haec

201 518 396 562 mutatio
421 517 619 562 dexteras
650 517 850 574 Excelsi‚
884 537 904 560 υ
930 518 1147 574 Carolus,
1174 521 1460 563 Francorum
1486 534 1590 573 rex,

201 594 281 654 qui
302 593 518 638 nondum
547 594 765 639 inunctus
786 611 916 640 more
944 594 1434 640 christianissimorum
1455 597 1594 639 Fran-

200 685 365 715 corum
403 686 564 731 regum
592 670 736 715 suerat
772 687 857 715 nec
892 672 1019 732 regio
1055 670 1318 716 diademate
1351 670 1595 729 insignitus

201 763 280 791 seu
322 756 598 805 coronatus,
635 763 692 792 eo
730 746 859 808 quod
902 750 1155 792 Remorum
1194 746 1376 800 civitas,
1416 746 1461 789 in
1504 761 1595 806 qua

202 839 331 883 reges
354 824 638 880 consecrari,
659 833 703 868 et
723 824 1004 868 Parisiorum
1030 822 1138 867 urbs
1161 832 1205 867 et
1229 821 1335 866 villa
1354 837 1435 865 seu
1459 821 1595 883 oppi-

201 898 313 943 dum
353 899 767 961 Sancti-Dionysii,
796 901 840 943 in
873 916 968 961 quo
1002 898 1219 944 coronari
1252 913 1331 942 eos
1359 906 1595 942 assuetum

201 985 320 1032 erat,
345 976 430 1021 sub
457 976 706 1037 Anglorum
730 985 956 1039 potestate
982 975 1137 1021 adhuc
1160 984 1458 1032 tenerentur,
1487 989 1598 1018 con-

202 1052 359 1097 tractis
385 1052 592 1113 undique
623 1053 764 1097 totius
796 1053 921 1114 regni
961 1052 1107 1114 copiis
1140 1051 1341 1113 partium
1371 1067 1472 1111 quae
1507 1067 1599 1094 suae

202 1127 425 1173 suberant
461 1127 652 1185 ditioni,
682 1138 725 1174 et
748 1129 948 1173 exercitu
985 1143 1155 1189 magno
1180 1136 1487 1188 congregato,
1518 1126 1598 1171 de-

202 1205 345 1249 crevit
377 1213 535 1266 petere
569 1207 737 1249 Remos
771 1214 814 1249 et
843 1204 932 1249 illie
965 1221 1011 1249 se
1048 1205 1195 1249 facere
1230 1204 1517 1260 consecrari,
1557 1214 1600 1249 et

203 1279 370 1324 exinde
392 1281 693 1326 Parisiensem
720 1282 893 1343 regiam
913 1291 956 1326 et
981 1280 1208 1344 oppidum
1227 1280 1400 1344 praefati
1424 1280 1600 1325 Sancti-

203 1356 433 1418 Dionysii,
456 1357 500 1401 in
527 1374 622 1419 quo
649 1374 778 1403 more
804 1363 1036 1420 majorum
1059 1369 1102 1403 et
1123 1359 1478 1421 progenitorum
1499 1373 1603 1402 suo—

205 1449 310 1477 rum
336 1432 579 1478 celebriter
602 1451 649 1478 se
674 1433 841 1479 faceret
862 1434 1097 1479 coronari.
1127 1437 1374 1495 Aggressus
1391 1433 1494 1497 [est]
1519 1435 1602 1478 ita-

206 1525 296 1571 que
331 1511 518 1566 Trecas,
545 1511 810 1573 Campaniae
846 1509 1035 1568 urbem,
1064 1510 1260 1555 consilio
1290 1520 1428 1572 atque
1462 1527 1606 1574 opera

207 1584 521 1648 probatissimi
550 1596 689 1648 atque
719 1588 1045 1650 sapientissimi
1072 1588 1156 1632 viri
1183 1588 1387 1650 magistri
1414 1589 1606 1634 Joannis

210 1662 337 1706 Acuti
356 1665 382 1719 ¹,
411 1663 489 1722 qui
514 1663 635 1707 illius
669 1663 795 1708 urbis
832 1663 1147 1727 episcopalem
1181 1665 1451 1710 cathedram
1476 1675 1603 1710 tene-

207 1737 288 1783 bat
312 1747 355 1782 et
378 1738 688 1785 ecclesiastica
710 1749 898 1784 strenue
924 1750 966 1785 et
986 1740 1203 1786 nobiliter
1222 1740 1602 1799 administrabat3

211 1814 257 1858 in
284 1830 375 1876 qua
402 1813 517 1859 urhe
540 1831 647 1859 cum
673 1832 785 1878 pace
816 1825 861 1860 et
895 1815 1046 1861 laetitia
1072 1826 1284 1879 receptus
1315 1827 1399 1862 est.
1429 1818 1607 1864 Exinde

207 1908 318 1936 vero
344 1891 654 1937 Catalaunum
691 1901 734 1937 et
767 1894 934 1937 Remos
958 1902 1142 1955 petens,
1170 1893 1359 1940 easdem
1392 1895 1533 1941 urbes
1563 1906 1607 1941 et

209 1976 355 2012 totam
387 1984 517 2031 paene
553 1969 878 2031 Campaniam,
910 1969 1029 2015 facta
1062 1969 1323 2016 voluntaria
1348 1971 1605 2031 deditione,

209 2044 405 2106 recepit,
437 2045 615 2106 fuitque
648 2045 825 2104 Remis,
852 2062 961 2091 cum
992 2063 1162 2108 magno
1190 2047 1432 2111 triumpho
1468 2059 1512 2094 et
1538 2050 1608 2094 in-

210 2121 335 2182 genti
377 2124 663 2167 Francorum
703 2122 963 2179 alacritate,
999 2122 1104 2168 oieo
1141 2140 1273 2170 sacro
1310 2125 1530 2171 inunctus
1566 2136 1610 2171 et

210 2207 414 2242 sacratus
433 2200 461 2256 2,
498 2199 751 2243 comitante
783 2215 966 2262 semper
996 2203 1178 2246 Joanna
1211 2202 1394 2261 Puella,
1421 2204 1468 2247 in
1491 2203 1611 2248 virili

210 2283 334 2319 veste
353 2284 396 2319 et
418 2274 582 2329 armis,
611 2275 789 2336 regium
813 2277 1066 2321 exercitum
1089 2294 1197 2323 cum
1226 2279 1319 2324 suis
1346 2289 1454 2325 ante
1478 2279 1612 2326 dictis

211 2349 489 2396 militaribus
513 2351 672 2412 signis.

277 2426 450 2471 Volens
484 2436 643 2471 autem
675 2444 753 2472 rex
783 2436 828 2471 et
850 2426 959 2472 alias
987 2429 1118 2490 regni
1145 2429 1282 2476 urbes
1305 2441 1350 2477 et
1381 2433 1484 2478 loca
1504 2450 1612 2496 pro-

212 2502 508 2565 vinciasque,
536 2519 637 2565 quae
661 2502 816 2547 adhuc
839 2502 925 2548 sub
956 2502 1164 2549 hostium
1201 2517 1333 2552 erant
1354 2519 1607 2572 potestate,

266 2633 302 2667 t.
335 2633 428 2667 Jean
455 2630 644 2682 Laiguise.
668 2634 737 2669 Les
756 2640 909 2668 auteurs
930 2631 979 2668 du
1008 2635 1136 2669 Gallia
1156 2634 1373 2672 Christiana
1395 2645 1461 2673 ont
1480 2638 1552 2674 cite
1571 2652 1613 2675 ce

212 2702 370 2740 passage
393 2690 484 2727 dans
502 2691 584 2727 leur
596 2691 720 2728 notice
739 2691 804 2728 des
821 2691 986 2741 e'veques
1005 2692 1052 2729 de
1071 2696 1224 2743 Troyes.
1246 2698 1286 2732 T.
1314 2698 1403 2743 XII,
1429 2710 1465 2747 p.
1491 2700 1531 2734 52
1547 2701 1583 2737 4.

267 2751 303 2787 ⁶2.
336 2751 387 2785 Le
408 2751 454 2785 17
473 2749 598 2796 juillet
614 2752 728 2787 1429.
