2037 3442
388 227 463 263 194
767 216 1106 254 HISTORIARUM
1133 215 1312 251 CAROLI
1340 216 1410 250 VII

390 318 515 352 terea
539 304 585 347 in
609 315 725 363 pace
743 298 886 360 potiri
909 311 1017 341 eum
1035 294 1249 339 dominio
1269 309 1354 338 suo
1372 302 1569 354 utraque
1587 294 1790 355 partium

393 377 712 446 permittebat.
745 376 800 417 Et
836 388 945 416 cum
989 371 1141 433 patria
1175 385 1257 414 sua
1297 378 1391 413 tam
1430 369 1621 413 Francis
1652 384 1793 430 quam

396 455 550 518 Anglis
585 453 684 498 sola
711 451 758 495 in
786 463 933 510 regno
958 445 1224 492 communis
1261 454 1307 490 et
1337 453 1435 489 tuta
1471 454 1792 507 permaneret,

395 528 746 580 confluentibus
784 525 843 571 ad
884 540 988 570 eam
1033 538 1195 569 secure
1229 530 1368 584 atque
1414 530 1517 566 tuto
1555 521 1798 583 utriusque

396 607 677 657 obedientiae
698 599 1088 665 negotiatoribus,
1114 608 1158 644 et
1182 614 1238 644 eo
1265 614 1443 643 merces
1465 614 1570 644 suas
1590 598 1800 644 deferen-

397 687 538 743 tibus,
559 698 675 747 quas
694 680 753 726 ad
770 689 927 743 partes
949 678 1142 723 diversae
1164 675 1443 721 obedientiae
1465 674 1643 722 deferre
1667 676 1799 721 nullo

400 763 544 810 modo
583 758 779 815 licebat,
823 754 1058 800 Britannia
1076 790 1087 812 ,
1133 751 1428 798 saevientibus
1474 749 1649 813 ubique
1700 761 1801 797 toto

400 854 547 902 regno
575 835 737 892 bellis,
763 832 908 877 veluti
944 830 1090 875 totius
1119 827 1277 873 Galliae
1304 843 1530 888 magnum
1566 836 1611 871 et
1647 827 1804 872 nobile

402 912 775 978 negotiationum
804 907 1070 970 emporium
1089 942 1100 964 ,
1127 904 1402 966 magnisque
1425 912 1676 966 propterea
1702 904 1806 966 opi-

402 993 491 1038 bus
514 990 657 1036 ditata
680 995 747 1032 est
770 994 815 1031 et
833 981 1138 1029 multitudine
1162 980 1451 1044 populorum
1476 979 1664 1024 referta,

469 1066 786 1127 Confugerant
824 1061 903 1106 illo
923 1095 935 1116 ‚
969 1057 1343 1104 intolerabilibus
1374 1055 1715 1102 calamitatibus
1745 1056 1809 1101 af-

406 1144 540 1202 flicti,
568 1141 726 1206 plures
751 1154 804 1184 ex
831 1135 1122 1182 Normannia
1145 1135 1254 1179 artis
1283 1132 1499 1190 lanificii,
1526 1149 1629 1195 quae
1660 1132 1812 1195 potis-

407 1223 524 1268 sime
567 1233 751 1280 semper
792 1224 838 1260 et
878 1213 1157 1259 excellenter
1194 1212 1241 1256 in
1283 1211 1574 1256 Normannia
1611 1212 1813 1256 exerceri

410 1298 545 1344 solita
576 1303 672 1350 est,
708 1292 790 1354 qui
816 1307 925 1335 cum
960 1288 1125 1334 incolis
1161 1287 1405 1332 Britanniae
1434 1286 1650 1332 eamdem
1682 1302 1815 1332 suam

409 1383 556 1420 artem
581 1367 991 1415 communicarent
1011 1402 1021 1421 ,
1051 1381 1155 1410 eam
1187 1365 1397 1409 Britones
1421 1363 1480 1409 ab
1507 1364 1617 1426 ipsis
1640 1363 1816 1408 didice-

411 1458 540 1496 runt.
569 1450 635 1491 Ex
658 1460 753 1508 quo
783 1442 1004 1488 effectum
1033 1450 1100 1485 est
1137 1450 1187 1485 ut
1206 1476 1216 1495 ,
1244 1456 1354 1484 cum
1381 1456 1464 1502 per
1496 1449 1602 1484 ante
1640 1439 1687 1483 in
1720 1439 1821 1501 ipsa

414 1525 653 1573 Britannia
687 1521 828 1587 pauci
854 1517 1114 1565 admodum
1132 1555 1143 1577 ,
1171 1527 1215 1563 et
1240 1517 1271 1562 ii
1296 1517 1517 1562 rusticani
1546 1526 1591 1561 et
1614 1515 1818 1580 hispidi,

414 1600 749 1651 tantummodo
776 1598 920 1662 panni
948 1595 1115 1642 fierent
1139 1595 1197 1641 de
1222 1594 1355 1652 lana,
1390 1593 1696 1657 postmodum
1724 1594 1824 1656 ipsa

420 1681 548 1743 regio
573 1677 763 1740 copiose
787 1684 928 1736 atque
948 1672 1247 1717 abundanter
1272 1671 1412 1716 etiam
1438 1670 1621 1715 nobiles
1642 1686 1825 1733 pannos

421 1759 570 1803 facere
596 1752 868 1800 assueverit.
898 1753 964 1794 Ex
988 1748 1159 1811 quibus
1185 1758 1284 1792 tota
1309 1747 1459 1810 patria
1484 1746 1560 1791 illa
1583 1755 1629 1791 et
1650 1746 1825 1810 oppida

421 1834 564 1898 ipsius
590 1831 846 1895 plurimum
868 1826 1066 1872 adaucta
1089 1834 1135 1869 et
1153 1824 1436 1887 locupletata
1460 1832 1583 1868 sunt.

487 1914 567 1956 Est,
589 1917 747 1955 autem
770 1906 819 1951 in
842 1905 942 1967 ipsa
969 1901 1210 1948 Armorica
1229 1938 1241 1960 ,
1269 1917 1419 1964 prope
1453 1900 1569 1945 fines
1601 1902 1829 1946 Norman-

426 2093 606 2125 caeterum
626 2076 763 2116 inermi
791 2074 881 2112 belli
905 2071 1156 2116 abstinentia,
1190 2079 1226 2107 et
1250 2070 1336 2120 plus
1374 2069 1412 2106 in
1446 2069 1618 2108 adversis
1641 2071 1832 2110 fortunam

430 2156 544 2196 quam
580 2138 761 2186 justitiam
791 2142 961 2180 secutus,
994 2129 1148 2167 tandem
1174 2129 1267 2165 salso
1301 2129 1403 2179 pacis
1441 2129 1644 2167 simulacro
1679 2143 1700 2167 a
1730 2144 1834 2181 prae-

430 2201 575 2243 donicis
594 2196 758 2235 hostium
782 2189 1063 2230 incursionibus
1091 2188 1323 2225 Britanniam
1348 2188 1493 2225 salvam
1530 2189 1631 2227 fecit.
1663 2191 1708 2225 Et
1744 2191 1834 2227 dum

430 2263 650 2302 universum
672 2266 832 2306 regnum
863 2251 1040 2289 atrociter
1065 2249 1369 2299 impugnaretur,
1386 2257 1422 2286 et
1442 2248 1633 2285 bellorum
1655 2250 1838 2299 asperitas

432 2339 453 2363 a
476 2317 705 2361 Normannis
726 2324 762 2352 et
780 2314 896 2352 Gallis
924 2311 1120 2349 mollitiem
1146 2309 1316 2359 corporis
1349 2317 1385 2346 et
1417 2310 1533 2346 animi
1558 2308 1734 2346 inertiam
1773 2309 1839 2346 ab-

435 2385 599 2426 dicaret,
623 2386 736 2426 atque
756 2374 935 2412 diurnum
959 2371 1015 2409 rei
1038 2369 1211 2407 militaris
1235 2368 1456 2407 exercitium
1470 2398 1479 2415 ,
1504 2368 1636 2404 induta
1658 2367 1747 2404 ferri
1765 2368 1836 2404 du-

436 2443 535 2486 ritia,
559 2436 733 2489 egregios
749 2440 980 2484 pugnatores
1000 2429 1198 2466 decuserat
1215 2459 1224 2476 ,
1242 2427 1359 2464 infida
1378 2427 1557 2464 securitas
1574 2426 1688 2464 armis
1720 2426 1840 2463 soluta

438 2498 655 2539 Britonibus
674 2491 880 2543 voluptatis
906 2488 1111 2527 licentioris
1134 2495 1171 2524 et
1202 2487 1315 2524 rebus
1341 2486 1533 2537 prosperis
1558 2485 1659 2522 laute
1686 2485 1841 2523 fovendi

440 2558 614 2597 fiduciam
644 2551 848 2598 concessit,
873 2563 915 2587 ac
940 2548 1059 2586 otium
1087 2547 1188 2583 iners
1208 2545 1327 2583 robur
1350 2545 1521 2595 corporis
1553 2553 1590 2582 et
1620 2544 1735 2581 animi
1760 2544 1843 2582 vir-

443 2625 559 2654 tutem
596 2615 635 2650 in
666 2610 850 2649 desidiam
884 2607 1010 2646 cordis
1046 2605 1272 2643 muliebrem
1302 2603 1474 2642 adduxit.
1506 2622 1522 2637 »
1557 2607 1722 2640 Assertio
1749 2606 1844 2641 Nor-

442 2675 622 2720 manm'ae‚
648 2671 672 2708 l.
696 2674 737 2718 I,
757 2683 789 2707 c.
812 2683 850 2717 v,
874 2671 944 2706 Ms,
970 2665 1067 2704 Bibl.
1086 2667 1200 2716 imp.,
1219 2670 1261 2701 n⁰
1283 2665 1402 2711 6198,
1423 2664 1449 2703 f.
1473 2665 1508 2704 8.
