2037 3442
356 297 370 330 ’ἰ
383 295 428 329 68
733 288 1066 325 HISTORIARUM
1094 286 1272 322 CAROLI
1302 288 1369 320 VII

358 372 601 437 pauperies
638 379 777 430 atque
808 367 967 428 inopia
998 365 1303 428 populorum,
1334 363 1463 424 quod
1495 363 1664 410 fiscalia
1700 377 1744 412 et

359 449 529 496 tributa
571 447 696 508 regia
746 445 791 489 in
843 441 1043 488 nihilum
1077 457 1255 504 prope,
1303 441 1350 486 in
1394 439 1747 504 quamplurimis

357 525 609 571 Galliarum
643 519 919 585 provinciis,
957 518 1273 576 defluxissent,
1319 518 1630 564 necessarium
1667 518 1749 562 suit

357 604 400 648 in
441 601 528 646 illis
566 597 767 645 exordiis
798 611 968 658 magna
1011 611 1064 640 ex
1097 602 1228 656 parte
1263 593 1493 656 stipendia
1526 592 1749 639 militibus

355 695 451 724 non
494 677 540 722 in
576 682 820 721 numerata
858 672 1085 736 pecunia,
1124 670 1206 716 sed
1244 671 1290 715 in
1326 671 1582 733 quantitate
1617 681 1750 717 certae

356 770 557 802 annonae
587 762 632 798 et
663 749 934 797 victualium
967 747 1336 794 necessariorum
1355 784 1368 806 7
1404 756 1499 793 tam
1530 764 1616 810 pro
1645 765 1752 811 per-

358 832 483 877 sonis
508 846 650 893 quam
687 827 819 890 equis
853 826 1027 883 taxari3
1056 825 1120 870 ita
1142 823 1273 887 quod
1303 839 1399 868 una
1429 823 1654 886 parochia
1680 825 1752 870 vel

359 910 538 972 plures,
567 907 603 951 si
636 904 771 950 valde
810 913 1003 961 tenues‚
1042 901 1123 946 uni
1151 900 1324 946 lanceae
1357 899 1661 963 providerent
1697 900 1754 946 de

361 1001 549 1031 annona
597 991 776 1039 taxata,
823 980 912 1025 alia
957 978 1059 1038 alii,
1097 977 1169 1023 vel
1214 976 1455 1040 pluribus,
1496 976 1755 1022 secundum

361 1062 656 1109 latitudinem
710 1058 1072 1118 facultatemque
1130 1053 1476 1118 parochiarum.
1535 1052 1757 1099 Pedeten-

366 1140 446 1185 tim
472 1154 615 1195 vero,
647 1152 753 1181 cum
780 1133 1056 1178 inchoarent
1089 1129 1323 1195 parochiae
1359 1129 1417 1174 ad
1448 1128 1657 1176 fortunas
1686 1131 1756 1176 in-

368 1232 574 1262 crescere
597 1213 899 1278 pinguiores,
938 1226 994 1255 ex
1023 1209 1157 1270 regiis
1186 1206 1514 1269 vectigalibus,
1548 1223 1649 1268 quae
1673 1224 1757 1270 pro

366 1292 599 1337 solutione
632 1286 905 1350 hujusmodi
935 1285 1203 1330 lancearum
1234 1283 1483 1329 constituta
1518 1292 1648 1340 sunt⁷
1681 1283 1759 1327 sti-

368 1368 539 1432 pendia
564 1365 681 1411 solvi
704 1362 926 1408 militibus
943 1362 1249 1407 constitutum
1272 1360 1372 1418 fuit,
1397 1370 1439 1405 et
1461 1376 1659 1405 annonae
1675 1359 1760 1404 illae

372 1445 593 1490 militares
631 1443 678 1487 in
720 1440 1025 1504 pecuniarum
1064 1438 1370 1500 quantitatem
1405 1447 1588 1482 mutatae
1622 1444 1756 1491 sunt,

373 1531 512 1583 atque
531 1557 542 1579 ⁷
578 1517 790 1582 quolibet
813 1532 999 1574 mense,
1026 1530 1114 1578 pro
1145 1513 1306 1559 lancea
1331 1531 1438 1559 cum
1461 1514 1553 1559 suis
1575 1510 1761 1557 duobus

372 1597 638 1660 sagittariis,
664 1594 825 1657 “viginti
848 1601 976 1638 scuta
999 1591 1097 1637 auri
1118 1599 1268 1637 taxata
1286 1592 1312 1635 ¹.

850 1744 1185 1790 CAPITULUM
1218 1743 1293 1786 lv.

473 1864 663 1908 Quomodo
691 1871 833 1910 propter
859 1869 1049 1907 equestrem
1076 1859 1235 1893 militiam
1263 1857 1429 1904 pedestris
1455 1858 1665 1892 Francorum

749 1921 999 1966 sagittariorum
1017 1919 1136 1952 militia
1152 1918 1305 1951 instituta
1321 1917 1395 1951 fuit.

441 2034 570 2078 Ultra
611 2032 733 2077 hanc
765 2040 921 2075 autem
952 2027 1077 2072 mille
1112 2036 1156 2071 et
1186 2026 1546 2088 quingentarum
1584 2022 1767 2068 lancea-

376 2127 479 2155 rum
501 2108 728 2163 militiam,
757 2105 844 2150 alia
863 2104 1024 2149 militia
1042 2102 1266 2165 pedestris
1290 2117 1373 2163 per
1395 2108 1547 2144 totum
1571 2114 1768 2159 regnum

376 2187 584 2232 instituta
624 2195 692 2229 est
733 2182 1099 2246 sagittariorum,
1127 2179 1206 2241 qui
1235 2178 1378 2222 franci
1413 2177 1661 2239 sagittarii²
1685 2192 1770 2238 ap-

376 2263 532 2326 pellati
561 2272 696 2320 sunt3
724 2262 787 2305 ita
812 2259 939 2322 quod
966 2274 1048 2320 per
1072 2272 1235 2301 omnes
1268 2255 1472 2300 civitates
1502 2252 1770 2317 oppidaque

376 2350 515 2403 atque
563 2355 695 2396 rura,
738 2355 792 2382 ex
833 2334 1096 2397 quibusque
1137 2331 1471 2394 quinquaginta
1512 2328 1766 2384 domibus,

377 2433 498 2462 unus
519 2418 589 2462 vir
615 2415 911 2477 deligeretur,
940 2412 1022 2474 qui
1047 2421 1247 2466 statura,
1274 2408 1444 2454 robore
1471 2417 1611 2469 atque
1636 2404 1771 2451 habi-

379 2493 538 2538 tudine
557 2493 771 2556 corporis
788 2501 921 2553 aptus
939 2506 1026 2553 pro
1045 2486 1317 2550 hujusmodl
1331 2485 1492 2530 militia
1506 2483 1739 2528 videretur
1757 2498 1767 2539 3

433 2637 470 2670 -1.
504 2637 660 2683 passage
682 2634 856 2684 imprime
877 2633 968 2670 dans
988 2633 1039 2669 les
1063 2634 1209 2668 Notsces
1228 2639 1262 2664 et
1281 2632 1436 2663 eartmiti
1458 2629 1520 2662 cles
1540 2629 1769 2670 manuscrits,

379 2701 405 2729 t.
430 2694 461 2738 1,
482 2704 520 2741 p.
544 2692 612 2726 4⁶2}
627 2722 635 2729 .

432 2753 467 2786 2.
501 2752 553 2786 En
575 2749 732 2796 srantjais
746 2778 754 2792 ‚
777 2753 902 2796 francs
920 2751 1080 2784 arelters.
