2037 3442
742 284 882 318 LIBER
910 282 1125 318 TERTIUS.
1558 277 1628 314 ‘1011

244 363 530 426 hujusmodi,
555 380 635 427 per
659 380 799 426 quam
821 374 865 410 et
889 364 1039 426 plura,
1067 363 1184 408 ultra
1209 377 1261 406 ea
1284 376 1387 423 quae
1410 358 1636 403 recensita

243 449 369 496 sunt,
391 441 476 503 ipsi
492 441 880 502 Burgundionum
898 440 1007 485 duci
1026 436 1436 502 promittebantur,
1451 434 1524 479 vix
1540 444 1638 479 erat

246 526 294 562 ut
324 533 419 561 non
446 517 646 580 proinde
677 518 946 580 poenitentia
977 534 1084 562 eum
1110 525 1381 578 sequeretur
1401 511 1637 573 animique

244 595 487 651 moestitia,
525 595 653 656 quod
694 605 787 641 tam
824 595 1024 657 insignes
1055 610 1249 639 suorum
1278 591 1501 653 regalium
1526 604 1637 652 por-

244 671 395 716 tiones
420 672 516 734 ipse
538 672 631 716 dux
659 688 743 734 pro
770 671 1018 716 inimicitiis
1043 681 1088 716 et
1113 669 1315 732 guerris,
1341 682 1455 727 quas
1479 665 1638 710 adver-

244 765 320 794 sus
344 749 497 811 ipsum
523 749 718 794 duxerat
743 759 786 795 et
811 750 1108 804 sustinuerat,
1132 753 1408 809 reportaret,
1436 758 1635 804 quarum

246 827 492 871 occasione
520 835 671 871 totum
696 842 824 888 piene
852 841 1048 886 regnum
1072 825 1118 868 in
1146 821 1483 868 desolationem
1501 817 1637 862 deve-

246 902 407 959 nisset;
448 919 554 947 cum
590 903 742 965 potius
776 919 851 946 rex
889 901 1190 954 existimaret,
1219 897 1281 943 ol)
1308 893 1636 956 hujuscemodi

243 988 409 1023 contra
442 996 519 1036 se,
563 996 718 1039 regem
752 989 795 1023 et
839 977 1128 1040 superiorem
1164 973 1429 1029 dominum,
1470 986 1496 1014 a
1530 985 1635 1014 vas-

242 1055 354 1099 sallo
392 1054 595 1100 admissa
625 1065 669 1101 et
692 1053 1109 1100 confoederationes
1139 1068 1247 1096 cum
1283 1047 1484 1110 antiquis
1519 1045 1638 1107 regis

245 1141 289 1175 et
323 1131 448 1191 regni
484 1131 699 1177 hostibus
732 1132 886 1188 factas,
915 1146 1075 1193 poenas
1097 1128 1154 1173 ab
1187 1144 1243 1173 eo
1269 1125 1468 1189 reposci,
1495 1139 1637 1185 quam

243 1206 371 1252 lucra
411 1216 453 1251 et
504 1217 629 1253 tanta
677 1207 957 1271 compendia
997 1205 1221 1267 consequi
1255 1204 1358 1266 jure
1402 1200 1633 1247 debuisse.

248 1283 381 1329 Unde
416 1300 504 1347 pax
546 1295 656 1330 tunc
693 1285 907 1347 quidem,
935 1284 1016 1329 sed
1042 1283 1254 1346 profecto
1283 1277 1539 1326 concordia
1577 1286 1640 1322 at-

245 1376 337 1422 que
361 1361 563 1407 amicitia
584 1372 663 1407 aut
686 1361 828 1420 nulla,
852 1370 929 1406 aut
952 1360 1234 1423 perminima
1253 1355 1500 1403 conciliata
1522 1354 1605 1400 suit
1625 1372 1634 1398 ε

245 1435 374 1497 quod
398 1453 453 1481 ex
477 1437 549 1482 his
571 1455 674 1500 quae
695 1436 998 1501 postmodum
1035 1444 1286 1481 consecuta
1316 1433 1502 1478 fuerunt
1534 1431 1639 1476 satis

239 1511 438 1573 judicari
461 1517 627 1576 potuit.

311 1591 403 1634 Rex
442 1599 595 1636 tamen
631 1591 752 1653 ipse,
778 1592 847 1635 vir
880 1590 1220 1653 promissorum
1258 1586 1460 1647 fideique
1496 1584 1638 1630 semel

246 1665 362 1711 datae
402 1667 722 1712 tenacissimus
767 1676 906 1729 atque
964 1663 1428 1718 observantissimus,
1472 1677 1637 1724 pacem

246 1742 389 1801 illam,
417 1743 522 1789 licet
546 1743 632 1788 sibi
659 1760 906 1788 onerosam
934 1743 1065 1787 valde
1089 1752 1228 1804 atque
1253 1739 1532 1784 damnosam
1556 1753 1638 1800 pa-

245 1838 442 1883 rumque
465 1821 729 1878 honestam,
751 1820 997 1866 observare
1022 1836 1162 1882 quam
1185 1817 1436 1878 infringere
1458 1814 1636 1869 maluit,

246 1897 404 1958 quoad
428 1897 565 1954 vixit,
592 1896 698 1941 licet
720 1913 839 1959 saepe
863 1912 890 1941 a
914 1896 1085 1954 multis,
1113 1904 1162 1939 ut
1185 1893 1454 1938 occasiones
1478 1900 1641 1953 ruptu-

246 1990 306 2017 rae
338 1975 644 2036 perquireret,
673 1973 758 2019 sibi
794 1983 1058 2036 suggestum
1098 1972 1438 2033 consiliumque
1478 1969 1639 2014 (latum

248 2048 422 2108 fuisset,
452 2060 495 2095 et
519 2050 579 2096 ad
602 2067 682 2095 eos
714 2050 828 2095 fines
852 2049 1019 2095 multas
1045 2059 1089 2095 et
1118 2049 1282 2107 varias,
1311 2047 1641 2107 undecumque

249 2135 456 2187 poterat,
494 2127 718 2172 amicitias
756 2137 801 2171 et
834 2126 1001 2172 foedera
1041 2126 1281 2189 expetiisse
1323 2124 1381 2167 sit
1426 2132 1639 2185 putatus,

250 2201 653 2263 quemadmodum
690 2213 849 2266 postea
877 2203 968 2248 suis
996 2202 1110 2247 locis
1135 2200 1450 2264 opportunius
1477 2214 1644 2244 annec-

247 2288 411 2323 temus.

312 2355 670 2410 Quiescentibus
695 2357 831 2418 igitur
853 2355 912 2401 ab
938 2357 1078 2401 armis
1098 2355 1347 2401 adversum
1374 2370 1421 2398 se
1445 2353 1641 2398 invicem

250 2433 436 2478 Francis
469 2442 513 2477 et
547 2433 975 2494 Burgundionibus,
1003 2432 1206 2478 restabat
1233 2431 1328 2493 J'am
1354 2430 1539 2475 Francis
1563 2428 1645 2475 ad-

249 2525 410 2554 versus
437 2509 604 2570 Anglos
628 2526 757 2555 arma
790 2519 985 2566 vertere,
1014 2508 1185 2571 quibus
1210 2507 1375 2570 procul
1401 2505 1546 2550 dubio
1580 2505 1648 2550 fa-

247 2585 334 2631 cile
359 2586 607 2649 praevalere
643 2595 687 2631 et
715 2603 794 2632 eos
824 2596 922 2632 toto
955 2602 1099 2648 regno
1141 2584 1311 2648 pellere
1335 2599 1431 2628 non
1458 2580 1646 2627 difficile

251 2663 451 2709 multum
474 2664 648 2722 fuisset,
675 2665 711 2708 si
736 2664 779 2708 in
801 2679 883 2708 sua
908 2663 1072 2708 militia
1091 2661 1382 2725 disciplinam
1408 2669 1549 2722 atque
1574 2676 1648 2704 or-

247 2740 406 2787 dinem
441 2740 652 2787 debitum
678 2741 939 2803 posuissent
962 2776 972 2797 ,
999 2737 1403 2802 quemadmodum
1436 2746 1650 2801 postmo-
