2037 3442
663 281 805 316 LIBER
834 279 1097 317 SECUNDUS.
1535 280 1584 314 65

194 360 316 405 tibus
331 362 566 424 expeditas
586 361 840 406 multorum
859 361 1053 405 millium
1074 361 1284 422 equitum
1304 375 1356 404 ac
1374 358 1585 422 peditum

194 438 314 482 acies
331 473 342 493 ,
372 454 573 500 quorum
599 439 951 501 comparatione
977 438 1149 482 nullius
1181 453 1310 499 piene
1334 437 1588 499 reputatio·

197 514 267 558 nis
290 530 388 559 esse
413 513 710 570 videbantur,
739 531 791 559 ex
818 514 910 559 suis
941 513 1154 558 curribus
1182 523 1226 557 et
1247 512 1470 558 vehiculis
1495 529 1591 558 cas-

196 597 264 634 tra
297 589 412 645 sibi,
439 599 602 634 contra
629 590 855 653 impetum
892 592 1176 633 Francorum
1209 588 1418 649 equitum
1453 597 1592 649 atque

196 665 408 727 peditum
437 666 583 719 acies,
615 666 722 711 satis
754 665 952 729 provide
989 664 1198 709 fecerunt
1235 673 1374 724 atque
1412 665 1595 709 munie-

197 751 333 798 runt,
362 751 407 786 et
429 741 487 786 ad
513 742 842 804 excipiendum
863 741 1020 786 hostes
1037 756 1171 786 arcus
1190 748 1234 784 et
1251 740 1438 799 sagittas
1456 750 1596 802 atque

197 834 324 863 arma
349 827 745 881 praeparaverunt.
771 821 877 874 Quo
903 818 1050 870 facto,
1077 833 1184 862 cum
1208 816 1396 861 concito
1420 817 1597 879 impetu

199 895 384 956 agmina
406 898 693 940 Francorum
723 895 933 956 equitum
965 903 1116 938 castra
1145 892 1401 954 Anglorum
1426 893 1598 938 irrum—

200 988 309 1033 pere
333 982 376 1017 et
397 972 455 1018 ad
476 988 555 1017 eos
579 971 919 1035 proterendum
939 969 1088 1015 contis
1107 979 1150 1014 et
1166 969 1339 1014 lanceis
1355 980 1601 1033 penetrare

201 1050 308 1094 totis
348 1049 524 1094 viribus
571 1048 943 1103 contenderent,
982 1063 1007 1091 e
1040 1046 1225 1091 diverso
1259 1046 1392 1108 Angli
1427 1047 1601 1092 vallum

201 1142 337 1169 suum
357 1125 625 1181 defendere,
656 1141 789 1170 arcus
816 1123 966 1168 valide
999 1123 1248 1168 extendere
1265 1159 1275 1179 ,
1299 1123 1452 1184 jacula
1476 1124 1604 1169 velut

201 1201 374 1246 densos
398 1200 571 1246 imbres
595 1202 799 1257 mittere,
825 1217 972 1263 equos
996 1200 1204 1245 hostium
1223 1200 1491 1259 vulnerare,
1515 1219 1606 1247 ses-

202 1293 331 1322 sores
354 1276 520 1337 ejicere
544 1294 626 1335 ac,
660 1294 743 1340 per
766 1277 858 1322 hoc
874 1302 894 1334 ‚1
914 1277 1140 1340 impetum
1173 1277 1377 1323 hostium
1413 1279 1606 1324 viriliter

203 1354 465 1416 propellere
489 1354 756 1399 studebant.
782 1353 923 1409 Quod
948 1370 1056 1399 cum
1078 1353 1140 1398 ita
1170 1353 1299 1400 fieret
1320 1364 1366 1400 et
1389 1356 1524 1401 multi
1550 1373 1606 1401 ex

204 1432 492 1474 Francorum
529 1430 762 1492 equitibus
799 1430 1045 1485 caderent,
1081 1447 1244 1475 eorum
1279 1432 1607 1478 corruentibus

203 1505 334 1567 equis
367 1506 637 1567 sagittarum
686 1505 853 1551 ictibus
889 1505 1119 1551 lethaliter
1159 1507 1404 1567 sauciatis,
1449 1509 1606 1555 multis

205 1582 345 1627 etiam
369 1598 421 1625 ex
457 1598 621 1626 eorum
648 1581 882 1645 peditibus
914 1583 1103 1628 levioris
1128 1593 1373 1629 armaturae
1396 1584 1605 1631 similiter

206 1658 503 1716 cadentibus,
526 1659 722 1705 turbatis
746 1669 789 1704 et
814 1659 1020 1705 confusis
1043 1677 1209 1706 eorum
1234 1660 1497 1719 ordinibus,
1518 1663 1607 1726 ipsi

206 1735 369 1780 Franci
411 1744 539 1796 terga
575 1744 832 1780 verterunt.
876 1738 1090 1791 Quorum
1120 1736 1340 1781 ductores
1378 1739 1607 1784 exercitus

207 1821 319 1857 tunc
349 1812 443 1858 (lux
479 1811 731 1856 Borbonii¹
757 1821 801 1856 et
832 1812 1025 1858 Carolus
1057 1812 1115 1858 de
1153 1813 1469 1876 Andegavia²‚
1496 1832 1605 1861 cum

208 1889 423 1952 pluribus
447 1890 567 1950 regis
593 1888 872 1952 capitaneis,
903 1889 1040 1934 fuisse
1066 1889 1349 1936 ferebantur.

274 1968 583 2028 Erumpentes
628 1981 739 2010 vero
775 1982 799 2009 e
832 1965 926 2010 suis
963 1965 1226 2011 currulibus
1271 1968 1430 2013 castris
1468 1978 1608 2032 atque

209 2042 332 2088 vallo
371 2042 506 2104 Angli
549 2052 592 2087 et
627 2043 672 2087 in
714 2042 871 2088 hostes
918 2059 1088 2105 magno
1124 2043 1304 2107 impetu
1349 2045 1605 2106 irruentes,

211 2118 385 2164 multos
419 2136 473 2164 ex
508 2119 618 2182 ipsis
651 2119 956 2176 ceciderunt,
984 2129 1028 2166 et
1050 2136 1137 2183 pro
1170 2129 1383 2184 tempore
1417 2123 1612 2169 victoria

212 2197 319 2241 satis
344 2195 542 2241 honesta
567 2196 726 2259 potiti,
753 2196 813 2242 ad
842 2206 989 2242 castra
1026 2213 1171 2260 usquc
1203 2216 1399 2244 suorum
1434 2201 1611 2246 circum

215 2273 595 2319 Aurelianensem
619 2274 810 2334 urbem,
837 2291 945 2320 cum
971 2276 1064 2320 suis
1086 2276 1301 2322 curribus
1327 2287 1373 2322 et
1401 2293 1610 2337 annona,

212 2358 257 2394 et
283 2366 380 2394 non
412 2350 761 2396 contemnenda
798 2367 850 2395 ex
886 2350 1101 2397 hostibus
1130 2351 1288 2415 praeda
1333 2353 1610 2415 gaudentes,

214 2427 574 2490 pervenerunff.

271 2575 307 2611 1.
340 2573 389 2609 Ce
406 2571 536 2609 n’ctait
563 2585 629 2622 pas
661 2572 697 2610 le
722 2572 794 2610 duc
820 2573 867 2610 de
891 2573 1070 2611 Bourbon
1088 2604 1097 2621 ,
1120 2574 1220 2612 alors
1238 2575 1453 2626 prisonnier
1475 2591 1522 2616 en
1543 2584 1620 2617 An-

217 2631 394 2682 gleterre,
416 2630 510 2668 mais
529 2631 564 2667 le
588 2631 645 2667 fils
664 2630 711 2668 de
730 2644 773 2668 ce
789 2631 873 2669 duc.

270 2694 308 2731 2.
340 2693 494 2730 Charles
514 2692 693 2739 d⁷Anjou‚
714 2692 933 2730 beau-frere
949 2692 998 2730 du
1021 2693 1089 2730 roi.

274 2754 312 2790 3.
342 2754 393 2788 Le
416 2753 464 2788 12
486 2751 625 2788 sevrier
643 2753 760 2789 1429.

326 2829 341 2852 1
1443 2824 1465 2858 5
