2142 3473
744 343 887 379 LIBER
918 342 1113 380 PRIMUS.
1610 342 1630 376 7

232 426 449 487 injuriam
480 435 631 470 morte
662 425 806 489 ipsius
839 425 1087 471 facinorosi
1122 424 1301 470 ulturus
1329 433 1463 469 esset.
1491 422 1629 479 Quod

233 512 277 547 et
313 512 500 565 postea,
527 502 643 547 dum
667 503 762 563 jam
796 511 927 566 pater
959 518 1069 547 suus
1103 500 1318 558 obiisset,
1346 510 1392 546 et
1412 510 1633 563 paterno-

232 595 337 623 rum
361 578 682 624 dominiorum
702 578 1042 624 administratio
1066 577 1221 623 omnis
1246 577 1333 623 sibi
1358 576 1634 623 confirmata

232 664 377 713 esset,
407 671 548 718 opere
567 664 614 700 et
636 654 758 700 sacto
783 653 1044 718 adimplere
1067 653 1262 700 curavit.

708 863 1043 908 CAPITULUM
1080 863 1157 905 III.

232 998 318 1039 Quae
345 996 468 1030 callide
484 998 656 1041 Joannes,
682 995 752 1030 (lux
777 988 1070 1042 Burgundionum
1082 1021 1090 1037 ‚
1108 1001 1300 1040 pra-:parata
1315 992 1415 1038 fecit,
1433 992 1635 1038 priusquam

372 1059 649 1104 peremptionem
669 1058 926 1092 Aurelianensis
943 1057 1041 1091 ducis
1059 1055 1272 1090 exsecutioni
1288 1053 1480 1088 mandaret.

298 1178 575 1239 Priusquam
610 1195 721 1224 vero
762 1177 1017 1224 vindictam
1052 1173 1383 1237 hujuscemodi
1424 1189 1478 1219 ac
1522 1174 1638 1219 tanti

232 1254 454 1316 principis
478 1255 651 1300 caedem
677 1255 862 1317 exsequi
896 1254 1193 1309 decerneret,
1220 1251 1301 1314 qui
1330 1251 1450 1314 regis
1471 1250 1638 1296 unicus

231 1347 481 1391 germanus
498 1342 542 1377 et
563 1332 678 1394 ejus,
697 1341 746 1376 ut
758 1332 855 1394 jam
874 1331 1092 1387 diximus,
1108 1329 1324 1385 amentis,
1343 1328 1390 1373 in
1408 1328 1636 1390 regalium

230 1407 603 1469 dispensatione,
634 1410 832 1454 maxime
868 1417 970 1453 tum
1007 1423 1102 1471 prae
1128 1407 1303 1452 caeteris
1341 1405 1638 1469 principibus

230 1485 506 1529 auctoritate
531 1485 841 1547 praecellebat,
870 1485 961 1530 hac
979 1483 1160 1530 cautela
1177 1500 1289 1529 usus
1309 1483 1447 1528 fuisse
1472 1482 1633 1528 fertur.

231 1563 482 1621 Postquam
504 1562 629 1607 enini
648 1563 768 1625 patri
791 1578 875 1607 suo
894 1560 1110 1624 Philippo
1135 1560 1376 1621 exsequias
1399 1569 1444 1605 et
1466 1559 1636 1605 solem-

229 1636 306 1682 nia
329 1653 381 1682 ex
398 1655 530 1683 more
554 1639 879 1701 persolvisset,
901 1639 1045 1701 ipsius
1063 1637 1354 1683 consiliarios
1374 1636 1635 1700 praecipuos

228 1715 484 1771 accersivit,
506 1715 756 1761 consilium
782 1716 1068 1779 deposcens,
1090 1724 1321 1777 quatenus
1341 1714 1384 1759 ei
1403 1715 1633 1777 aptiorem

229 1791 427 1836 modum
459 1792 723 1851 edicerent,
760 1809 855 1855 quo
886 1808 978 1837 suae
1007 1791 1264 1837 voluntatis
1297 1790 1541 1836 decretum
1575 1791 1635 1837 de

228 1869 404 1931 praefati
439 1870 664 1932 principis
694 1870 1047 1933 peremptione,
1074 1884 1264 1931 quoque
1295 1867 1558 1913 minoribus
1586 1884 1635 1914 se

228 1947 542 1992 committeret
577 1948 819 2011 periculis,
860 1947 1045 1993 effectui
1087 1946 1313 1992 mandare
1350 1956 1524 2010 posset.
1565 1946 1634 1993 llli

228 2032 385 2068 autem
404 2040 512 2068 cum
529 2024 743 2088 adprime
762 2024 966 2069 exterriti
989 2024 1047 2070 de
1070 2033 1165 2069 tam
1190 2023 1366 2069 nefaria
1388 2033 1434 2068 et
1456 2023 1636 2086 pericu-

228 2099 327 2145 losa
350 2101 612 2160 voluntate,
640 2101 700 2147 al)
733 2117 786 2148 ea
822 2101 1041 2147 eumdem
1064 2100 1308 2147 dimovere
1342 2111 1388 2147 et
1412 2117 1635 2146 revocare

229 2177 341 2222 eniti
378 2187 662 2240 satagerent,
699 2179 760 2225 ab
795 2179 986 2235 eodem,
1018 2177 1105 2224 sub
1140 2178 1246 2224 vitae
1277 2195 1371 2223 suae
1395 2178 1629 2241 periculo,

230 2254 516 2301 interminati
541 2266 648 2301 sunt
671 2266 723 2301 ut
747 2258 1052 2319 quantocius.
1078 2255 1210 2319 quod
1229 2255 1478 2320 poscebat,
1500 2272 1636 2301 cura-

231 2340 332 2376 rent
356 2331 581 2395 perficere
617 2351 625 2376 :
662 2333 845 2378 dicente
877 2350 975 2378 non
1012 2350 1060 2379 se
1091 2332 1150 2379 ab
1182 2334 1247 2379 eis
1277 2332 1549 2378 facturusne
1584 2333 1633 2378 id

228 2418 369 2465 esset,
392 2409 642 2455 consilium
663 2419 898 2473 expetere,
921 2410 1052 2473 quod
1071 2408 1416 2474 perficiendum
1436 2410 1634 2455 omnino

229 2487 485 2545 statuisset;
511 2487 593 2532 sed
618 2498 690 2545 ut,
719 2504 812 2550 qua
833 2489 907 2534 via
924 2498 969 2534 et
992 2489 1200 2535 cautiore
1224 2488 1518 2552 potissimum
1533 2523 1544 2545 ,
1562 2489 1636 2534 in-

230 2562 456 2608 dicarent.
485 2564 554 2609 Ad
577 2564 707 2627 quod
720 2600 730 2618 ,
750 2575 799 2610 ut
816 2566 1073 2612 consultius
1090 2576 1135 2611 et
1150 2566 1249 2611 sine
1267 2565 1634 2629 praecipitatione

227 2656 330 2701 quae
366 2641 412 2684 in
447 2640 629 2700 arduis,
669 2658 779 2687 cum
816 2659 956 2706 super
988 2643 1053 2688 eis
1086 2642 1431 2688 consulendum
1468 2642 1631 2701 fuerit,

227 2718 460 2781 praecipue
485 2718 648 2765 obesse
671 2719 812 2777 solet,
834 2720 1080 2767 intendere
1103 2737 1158 2767 ac
1181 2719 1398 2766 meditari
1421 2730 1629 2784 possent,

231 2793 441 2840 inducias
465 2795 606 2841 tridui
630 2797 944 2859 postularunt.
