2037 3442
367 310 441 345 0278
750 308 1083 343 HISTORIARUM
1112 308 1291 343 CAROLI
1317 309 1383 344 VII

368 390 649 453 procuravit.
691 392 790 433 Hoc
813 389 939 433 enim
971 389 1130 434 animo
1164 405 1348 451 semper
1379 389 1592 450 gestierat
1625 398 1763 450 atque

366 466 632 527 quaesierat,
659 474 710 509 ut
735 464 982 510 seditiosos
1000 465 1105 510 illos
1125 475 1264 527 atque
1290 465 1606 510 tumultuosos
1629 466 1766 528 oppi-

365 543 514 588 danos
551 559 576 587 e
613 542 735 587 vallo
775 542 1002 604 tectisque
1043 542 1136 587 suis
1176 558 1229 587 ac
1265 543 1572 588 munimentis
1608 552 1767 605 posset

364 619 619 681 aliquando
656 620 704 664 in
732 619 926 682 planum
952 619 1260 682 patulumque
1290 635 1511 682 campum
1537 618 1762 675 educere,

363 704 407 740 et
432 711 540 740 cum
567 697 632 741 eis
657 696 776 741 inire
804 704 1062 741 certamen.

426 774 546 818 Cum
569 781 748 830 autem,
774 782 826 817 ut
850 772 1003 834 prima
1026 771 1141 817 facie
1170 771 1385 817 aestimari
1407 772 1653 834 potuisset,
1677 772 1766 835 ipsi

361 849 633 895 Gandenses
645 886 656 908 ‚
675 850 843 895 multas
860 865 1019 895 secum
1037 848 1278 894 machinas
1290 847 1528 893 trahentes
1539 885 1552 907 ‚
1576 848 1767 894 ordines

360 941 544 971 servare
583 925 882 980 viderentur,
926 925 1142 987 aciesque
1173 941 1279 970 suas
1305 924 1542 988 pedestres
1564 925 1768 972 rationa-

358 1000 512 1047 biliter
548 1003 819 1048 instruxisse
842 1002 1041 1065 (paucos
1080 1001 1208 1046 enim
1233 1001 1369 1046 valde
1399 1002 1582 1063 equites
1619 1001 1767 1047 habe-

360 1079 495 1141 bant)
517 1115 528 1135 ‚
577 1090 734 1125 tamen
751 1117 762 1139 ⁷
809 1097 919 1125 cum
963 1079 1160 1143 propius
1210 1078 1271 1125 ad
1311 1064 1634 1125 dimicandum
1672 1096 1769 1125 sese

361 1156 703 1210 admoverunt,
731 1156 911 1201 nullam
934 1156 1008 1201 vel
1033 1155 1281 1201 minimam
1312 1155 1528 1200 hostibus
1557 1157 1769 1201 resisten-

363 1233 470 1277 tiam
507 1232 757 1278 dederunt.
797 1233 945 1278 Pressi
975 1232 1100 1278 enim
1132 1232 1308 1293 sagittis
1346 1241 1485 1294 atque
1517 1233 1769 1278 missilibus

359 1309 668 1354 Picardorum
694 1310 1066 1372 sagittariorum,
1103 1308 1301 1354 turbatis
1325 1309 1437 1354 inde
1469 1310 1769 1372 confusisque

361 1385 631 1444 ordinibus,
655 1396 703 1431 et
724 1386 938 1449 apprime
961 1402 1068 1431 cum
1093 1386 1140 1430 in
1161 1402 1242 1430 eos
1259 1386 1439 1448 equites
1464 1386 1597 1431 ducis
1622 1387 1769 1432 irrue-

361 1473 493 1522 rent,
528 1480 614 1507 suo
640 1464 779 1508 solito
813 1480 945 1508 more
969 1473 1098 1525 terga
1120 1472 1356 1508 vertentes
1374 1498 1385 1519 ‚
1411 1465 1492 1526 qui
1513 1474 1772 1527 potuerunt

360 1540 418 1585 ad
443 1540 598 1601 fugam
624 1556 673 1585 se
696 1539 953 1599 dederunt3
976 1556 1096 1602 quos
1121 1556 1147 1585 a
1164 1549 1297 1602 tergo
1323 1541 1624 1603 insequentes
1642 1579 1652 1601 7
1682 1541 1769 1587 eis-

361 1633 451 1679 que
470 1618 670 1678 graviter
684 1618 985 1663 imminentes
999 1617 1179 1679 equites
1197 1633 1250 1662 ac
1264 1617 1488 1679 sagittarii
1508 1617 1766 1680 pedestres,

362 1694 616 1739 maximam
648 1692 707 1738 de
736 1693 848 1756 ipsis
880 1703 1081 1756 stragem
1115 1693 1367 1738 fecerunt².
1401 1693 1590 1738 Plurimi
1613 1703 1771 1739 autem

363 1787 418 1816 ex
456 1770 588 1833 ipsis,
633 1769 870 1815 enatando
912 1770 972 1816 ad
1007 1770 1146 1815 aliam
1185 1770 1393 1815 fluminis
1432 1771 1635 1833 ripam&
1672 1787 1772 1816 sese

364 1846 625 1892 subducere
645 1847 907 1893 imminenti
934 1848 1098 1892 mortis
1122 1846 1334 1910 periculo
1353 1847 1611 1910 cupientes,
1639 1848 1773 1909 aquis

365 1924 580 1969 suffocati
619 1924 831 1980 fuerunt3
871 1941 1076 1987 quorum
1114 1923 1345 1970 cadavera
1380 1924 1588 1970 fluminis
1630 1924 1775 1987 ipsius

365 2018 528 2046 cursus
552 2001 598 2046 in
633 2012 893 2064 conspectu
923 2018 1114 2059 eorum,
1146 2001 1296 2061 quiin
1331 2001 1511 2063 oppido
1536 2016 1774 2046 remanse-

368 2088 498 2137 rant,
522 2077 665 2141 paulo
690 2087 798 2141 post
821 2078 1021 2123 advexit.
1052 2081 1118 2122 Ex
1143 2076 1430 2139 fugientibus
1454 2086 1636 2132 autem,
1665 2094 1774 2123 cum

367 2172 546 2201 cuneus
570 2172 625 2200 ex
650 2155 761 2219 ipsis
785 2155 845 2201 ad
878 2155 1003 2200 mille
1028 2155 1212 2200 circiter
1244 2164 1290 2199 et
1318 2154 1601 2216 quingentos
1623 2155 1771 2212 viros,

369 2233 610 2297 quoddam
652 2243 840 2296 pratum
883 2232 1134 2278 introiisset
1178 2232 1309 2293 juxta
1350 2231 1559 2277 fluminis
1595 2233 1774 2295 ripam,

370 2310 500 2374 quod
523 2309 723 2373 saepibus
744 2309 1040 2371 dumetisque
1066 2318 1322 2370 utcumque
1343 2307 1565 2352 vallatum
1591 2318 1778 2371 protec-

372 2398 565 2449 tumque
582 2386 845 2446 videbatur,
868 2386 1204 2448 aliquantisper
1225 2384 1441 2430 hostibus
1461 2385 1773 2442 restiterunt&

427 2541 464 2577 1.
497 2541 545 2575 23
565 2539 690 2585 juillet
712 2541 826 2577 1453.

428 2606 466 2640 2.
498 2604 690 2642 L’Escaut.

430 2665 466 2699 3.
499 2662 642 2698 Olivier
670 2663 715 2700 de
741 2666 793 2700 La
815 2663 988 2710 Μαι-0119,
1017 2663 1081 2712 qui
1108 2662 1195 2699 cinit
1222 2664 1240 2698 a
1267 2661 1301 2698 la
1330 2658 1509 2707 bataille,
1532 2659 1636 2709 parle
1658 2657 1779 2696 moins

377 2721 736 2771 dcdaigneusenient
771 2721 817 2758 de
847 2722 882 2758 la
914 2722 1115 2759 resistance
1150 2721 1215 2770 qui
1247 2722 1303 2757 fut
1336 2720 1423 2756 faite
1457 2732 1522 2755 sur
1558 2732 1600 2755 ce
1634 2717 1740 2767 point
1767 2732 1773 2752 :

382 2801 396 2815 α
418 2784 544 2818 Cei-tes
578 2792 628 2816 un
656 2780 823 2817 Gandois
849 2781 965 2816 vilain
991 2788 1025 2816 ct
1058 2780 1105 2816 de
1130 2780 1222 2829 ponit
1251 2787 1367 2821 estat,
1391 2786 1427 2815 et
1452 2791 1537 2814 sans
1562 2789 1650 2813 noni
1680 2787 1779 2824 pour
