2037 3442
380 308 453 342 306
759 299 1101 337 HISTORIARUM
1128 298 1310 334 CAROLI
1336 299 1405 333 VII

378 411 582 458 eumque
619 391 952 456 hospitalitatis
993 389 1152 435 officio
1191 386 1494 434 tractandum
1528 401 1787 449 procuran-

380 473 591 533 dumque
616 468 923 531 suscepisset,
949 475 1117 530 postea
1139 464 1339 528 perdere
1361 462 1526 520 vellet,
1554 478 1663 507 eum
1682 461 1788 507 red—

380 550 499 596 dens
540 548 612 605 ei,
655 546 788 608 cujus
835 544 898 590 ob
944 554 1124 590 metum
1165 542 1225 588 ad
1269 559 1317 587 se
1363 539 1450 586 sub
1491 539 1664 585 fiducia
1707 538 1794 583 hu-

381 625 617 672 manitatis
659 621 1035 685 confugiendum
1078 620 1315 679 duxisset,
1365 617 1495 681 quod
1541 617 1578 662 si
1626 616 1675 661 id
1719 615 1794 660 vel

380 703 513 750 tenui
537 701 811 763 conjectura
839 699 1175 762 suspicaretur,
1200 696 1359 741 forsan
1386 694 1446 740 ad
1473 694 1630 739 hostes
1650 693 1794 757 patris

380 794 710 843 quoscumque
736 777 872 822 citius
896 774 1238 836 transfugeret3
1275 788 1418 835 quem
1449 787 1562 817 vero
1593 770 1680 816 sibi
1709 769 1794 815 de-

382 857 523 904 ferret
558 856 814 912 honorem,
842 868 940 898 non
971 861 1068 897 tam
1095 849 1185 895 sibi
1223 865 1367 912 quam
1391 848 1541 912 patri,
1569 847 1701 909 cujus
1735 847 1795 893 ad

380 933 618 979 honorem
638 930 686 976 id
706 930 878 976 faceret
895 927 1124 990 regiaeque
1143 930 1435 972 Francorum
1457 924 1628 970 domus
1649 924 1796 986 (unde

383 1020 430 1056 et
453 1011 552 1074 ipse
572 1009 765 1055 duceret
790 1004 1066 1068 originem),
1093 1020 1254 1066 regem
1288 1002 1462 1048 debere
1498 1003 1762 1049 existimare
1781 1040 1793 1063 ,

384 1103 475 1133 nec
496 1086 649 1133 vereri
666 1082 985 1148 quovismodo
1009 1091 1060 1127 ut
1082 1082 1182 1145 ipse
1206 1079 1294 1126 sihi
1312 1088 1475 1125 contra
1494 1089 1703 1144 patrem,
1723 1080 1798 1126 vel

385 1165 485 1227 ejus
520 1179 721 1226 regnum
756 1160 1020 1224 quidquam
1055 1158 1213 1205 moliri
1248 1167 1330 1204 aut
1364 1174 1501 1220 agere
1534 1158 1795 1222 permittat3

385 1258 637 1288 suasurum
659 1239 860 1285 libenter
895 1237 985 1283 sibi
1010 1247 1063 1283 ut
1094 1237 1142 1282 in
1176 1246 1361 1299 patrem
1385 1235 1711 1282 obedientiam
1745 1252 1798 1282 ac

383 1321 696 1367 reverentiam
714 1318 1045 1364 omnimodam
1062 1316 1243 1362 debitas
1265 1315 1502 1377 observet,
1527 1315 1586 1362 de
1606 1317 1800 1380 ejusque

382 1397 632 1444 clementia
656 1406 702 1442 et
729 1396 902 1459 pietate
932 1404 984 1439 ut
1006 1393 1276 1439 nullatenus
1297 1393 1613 1439 diffidendum
1639 1403 1796 1457 putet;

385 1486 433 1523 et
454 1476 514 1522 ad
538 1475 588 1521 id
607 1483 834 1521 conatum
854 1489 1048 1519 omnem
1065 1488 1113 1517 se
1137 1471 1414 1535 impendere
1432 1470 1714 1535 spondebat.
1732 1474 1802 1517 De

386 1554 561 1616 treugis
585 1553 756 1612 etiam,
783 1567 900 1613 quas
929 1567 1039 1595 cum
1064 1549 1223 1611 Anglis
1246 1550 1416 1596 inierat
1439 1559 1483 1594 et
1503 1549 1726 1608 habebat,
1754 1566 1802 1595 se

391 1630 676 1688 defendens,
704 1629 932 1693 plurimas
957 1628 1164 1674 rationes
1185 1627 1440 1686 afferebat,
1469 1636 1663 1690 propter
1687 1642 1803 1690 quas

389 1710 702 1775 praetenderet
716 1709 822 1772 jure
841 1708 889 1754 id
914 1707 1000 1753 sibi
1023 1708 1175 1754 facere
1198 1708 1413 1767 licuisse,
1441 1707 1501 1753 ad
1525 1707 1668 1771 idque
1685 1707 1804 1752 mul-

390 1789 448 1834 tis
471 1786 747 1833 necessariis
771 1795 816 1831 et
839 1784 1116 1847 urgentibus
1133 1785 1285 1830 causis
1308 1785 1446 1830 fuisse
1475 1783 1798 1847 compulsum,

392 1881 525 1928 quas,
553 1863 685 1926 quod
713 1863 954 1926 prolixum
975 1871 1019 1907 et
1042 1860 1306 1923 legentibus
1326 1861 1483 1907 forsan
1507 1861 1805 1908 fastidiosum

393 1943 514 1989 effici
538 1951 723 2006 posset,
751 1941 832 1986 hic
856 1941 1051 1986 minime
1072 1941 1276 1986 inserere
1298 1939 1553 1986 voluimus.

458 2019 550 2065 Sed
587 2035 697 2064 curn
733 2017 979 2081 Philippus
1012 2017 1404 2080 responsionibus
1446 2017 1642 2064 minime
1686 2017 1806 2080 regis

392 2099 554 2144 animo
574 2095 875 2155 satisfaceret,
903 2105 949 2141 et
971 2096 1219 2141 asserentis
1238 2132 1248 2153 ,
1275 2094 1338 2140 ob
1359 2096 1429 2141 sui
1454 2095 1688 2143 honorem
1709 2097 1805 2144 sive

393 2175 706 2221 reverentiam
725 2173 856 2232 fieri,
885 2172 1016 2236 quod
1042 2172 1139 2218 filio
1169 2189 1254 2217 suo
1279 2173 1548 2220 contumaci
1575 2183 1621 2219 et
1644 2173 1807 2220 rebelli

395 2251 714 2310 exhiberetur,
742 2251 969 2296 aestimare
1002 2266 1100 2295 non
1126 2266 1293 2313 posse,
1328 2249 1516 2296 crebras
1551 2261 1596 2296 et
1622 2251 1807 2297 iteratas

394 2347 483 2394 pro
516 2328 683 2376 eadem
706 2344 846 2374 causa
876 2327 1134 2389 legationes
1171 2328 1388 2391 repetivit
1416 2349 1425 2373 z
1459 2345 1558 2374 non
1588 2329 1808 2374 omittens

395 2417 555 2453 tamen
574 2413 913 2469 apparamenta
932 2404 1082 2450 facere
1101 2404 1162 2450 ad
1182 2404 1561 2451 subveniendum
1584 2407 1804 2464 Henrico,

397 2482 559 2546 nepoti
583 2498 688 2541 suo,
713 2480 973 2543 Anglorum
997 2481 1112 2543 regi,
1140 2490 1192 2526 ut
1216 2481 1264 2526 in
1289 2498 1489 2545 regnum
1511 2499 1666 2541 suum,
1692 2497 1805 2545 quo,

399 2569 449 2604 ut
469 2559 783 2617 narravimus,
803 2557 966 2622 pulsus
985 2557 1153 2616 fuerat,
1176 2558 1398 2604 eumdem
1418 2560 1596 2606 restitui
1619 2560 1805 2618 faceret,

396 2645 443 2682 et
462 2635 737 2682 Edoardum
751 2645 1029 2698 regnantem
1045 2634 1319 2682 deturbaret
1333 2654 1497 2699 regno.
1519 2640 1633 2694 Quae
1647 2646 1810 2683 contra

396 2729 446 2758 se
472 2711 628 2757 moliri
652 2729 762 2759 cum
789 2712 961 2758 ducem
985 2712 1378 2775 Burgundionum
1399 2714 1594 2760 minime
1616 2714 1808 2770 lateret,

398 2788 526 2836 velut
549 2787 794 2852 quoddam
810 2788 940 2851 pacis
955 2805 1049 2834 suae
1068 2789 1238 2851 pignus
1254 2800 1300 2836 et
1319 2791 1578 2837 securitatis
1600 2790 1660 2836 de
1682 2805 1807 2852 rege,
