2037 3442
686 204 829 239 LIBER
854 202 1121 240 SECUNDUS.
1563 204 1612 238 93

212 286 435 347 tharingis
463 301 605 347 quam
631 301 686 330 ex
705 284 970 329 Alemannis
993 293 1037 328 et
1060 284 1262 329 Francis.
1290 283 1464 329 Cecidit
1492 285 1613 329 inter

212 371 399 408 cateros
424 361 593 407 nobilis
615 361 690 407 ille
721 361 851 406 miles
878 360 1101 405 dominus
1124 359 1179 405 (le
1200 359 1443 406 Barba.s·(m
1464 395 1475 417 ,
1502 361 1583 422 qui
1598 397 1610 418 ,

212 455 272 483 ne
297 455 351 483 ex
378 453 551 500 pavore
579 437 828 498 consilium
856 436 1024 482 dixisse
1052 446 1310 499 putaretur,
1337 436 1481 500 pedes
1505 453 1614 482 cum

212 515 306 560 suis
328 516 389 561 ad
410 530 641 576 pugnam,
674 514 841 559 relictis
865 513 1011 574 equis,
1035 513 1354 559 descenderat.
1384 517 1477 559 Rex
1501 530 1613 558 vero

215 594 417 636 Renatus
446 599 607 652 captus
641 591 746 647 suit,
784 600 923 652 atque
957 591 1095 635 etiam
1131 607 1239 636 cum
1280 607 1336 635 eo
1366 593 1614 653 episcopus

213 667 465 725 Metensis¹,
487 667 566 727 qui
587 666 740 711 eidem
765 667 860 727 regi
884 666 1107 711 auxilium
1129 666 1298 722 ferens,
1315 666 1375 710 ad
1392 668 1613 727 proelium

213 761 322 790 cum
340 744 442 807 ipso
466 752 673 801 venerat,
699 759 807 787 cum
833 742 1046 804 pluribus
1068 743 1209 787 etiam
1232 741 1471 787 nobilibus
1494 743 1611 788 aliis.

214 820 355 877 Quod
392 820 701 864 infortunium
733 818 886 864 eidem
914 820 1010 880 regi
1044 819 1177 865 valde
1205 819 1458 864 infaustum
1487 818 1574 862 fuit
1601 837 1610 862 :

216 914 326 942 nam
365 897 661 942 occasionem
692 893 796 940 tulit
823 911 903 939 sua
932 896 1171 958 captivitas
1195 904 1246 940 ut
1268 911 1466 955 regnum
1496 894 1614 939 illud

220 974 398 1019 avitum
442 982 784 1035 paternumque
818 970 981 1015 Siciliae
1021 988 1102 1016 seu
1152 971 1512 1033 Neapolitanum
1555 970 1614 1016 ad

214 1051 397 1096 hostem
432 1065 570 1094 suum
594 1048 915 1111 Alphonsum,
946 1063 1103 1109 regem
1130 1050 1446 1108 Arragonum‚
1481 1047 1615 1093 deve-

220 1128 362 1185 niret,
393 1142 544 1187 eoque
577 1125 801 1171 hactenus
833 1124 1040 1187 privatus
1070 1134 1331 1187 exutusque
1358 1128 1610 1172 maneret?

680 1321 1015 1365 CAPITULUM
1050 1321 1148 1362 XX.

237 1454 406 1488 Henricus
420 1481 428 1496 ‚
452 1456 646 1500 Anglorum
664 1467 737 1497 rex,
756 1456 791 1488 in
818 1454 972 1500 Angliam
989 1453 1173 1487 revomitur
1188 1467 1197 1495 3
1215 1463 1247 1487 et
1263 1453 1410 1499 qualiter
1426 1462 1504 1499 post
1520 1454 1593 1487 haec

706 1525 837 1558 guel‘l'ae
860 1520 1125 1558 pl'OCUl'l'CI'Usst.

280 1634 359 1678 His
384 1634 541 1696 itaque
562 1634 609 1678 in
634 1632 932 1694 lotharingia
958 1632 1108 1693 gestis,
1140 1631 1335 1692 Anglici‚
1364 1642 1617 1695 postquam

215 1727 373 1772 regem
392 1726 529 1754 sunm
557 1709 809 1754 Henricnm
828 1708 1111 1767 diademate,
1139 1718 1324 1771 sceptro
1348 1709 1617 1772 caeterisque

215 1787 448 1850 regalibus
484 1787 667 1832 Parisiis
707 1786 1048 1847 insignivissent
1079 1795 1303 1848 tanquam
1329 1789 1617 1832 Francorum

215 1881 390 1926 regem,
418 1865 574 1927 ipsum
598 1862 740 1926 paulo
766 1871 872 1925 post
904 1861 1249 1923 Rothomagum
1274 1872 1319 1907 et
1340 1862 1451 1908 inde
1475 1863 1617 1926 paulo

215 1951 321 2005 post
338 1959 421 2005 per
438 1940 716 1998 Picardiam,
745 1956 840 2002 quo
861 1939 1151 1998 adventarat,
1172 1956 1390 1986 remenso
1409 1941 1573 1988 itinere
1585 1945 1615 2000 ³,

217 2019 448 2064 Calesium
473 2028 518 2063 et
540 2019 587 2062 in
609 2017 824 2079 Angliam
842 2016 1142 2061 reduxerunt.

283 2094 500 2139 Studium
536 2102 693 2139 autem
730 2093 1074 2156 permaximum
1108 2102 1205 2138 erat
1238 2094 1425 2139 Francis
1459 2096 1621 2141 venari

217 2170 387 2216 urbem
423 2170 549 2215 illam
596 2169 770 2230 regiam
820 2169 1126 2227 Parisiorum,
1165 2180 1210 2215 et
1237 2187 1290 2215 ex
1324 2171 1542 2234 captione
1577 2182 1622 2217 et

219 2246 481 2292 munitione
495 2246 760 2291 vicinorum
777 2244 1065 2307 oppidorum
1078 2255 1124 2290 et
1141 2245 1498 2305 fortaliciorum,
1516 2262 1621 2292 eam

218 2324 264 2368 in
302 2332 557 2369 extremam
593 2321 917 2366 necessitatem
956 2321 1236 2382 adductam,
1270 2322 1330 2368 ad
1358 2322 1620 2369 faciendam

273 2490 308 2525 «1.
342 2485 491 2524 Conrad
514 2488 635 2534 Bayer
655 2485 700 2522 de
715 2484 905 2535 Boppard.

272 2549 310 2585 ⁰2.
343 2546 427 2582 Ceci
450 2546 553 2582 etant
572 2544 664 2581 ecrit
685 2557 731 2581 en
753 2546 871 2589 1472,
896 2542 931 2579 le
951 2542 1009 2579 roi
1032 2543 1139 2580 Rene
1157 2544 1275 2581 vivait
1296 2557 1433 2582 encore
1450 2575 1459 2593 ,
1483 2553 1520 2583 et
1535 2558 1620 2583 sans

221 2608 299 2643 etre
318 2606 442 2642 rentre
463 2618 509 2642 en
526 2603 737 2654 possession
755 2603 806 2640 du
827 2615 1009 2652 royaume
1029 2602 1076 2640 de
1095 2603 1245 2654 Naples.

277 2670 312 2703 3.
345 2668 396 2702 Le
419 2664 625 2701 manuscrit
641 2662 766 2701 donne
787 2666 944 2699 remensi
962 2666 1105 2701 itinere.
