2037 3442
364 307 411 341 72
743 303 1078 340 HISTORIARUM
1107 303 1287 338 CAROLI
1312 305 1380 338 VII

362 387 535 431 ducatu
551 386 786 446 signisque
798 384 892 429 suis
906 382 1200 439 militaribus,
1222 383 1494 429 fortissimas
1509 386 1760 447 Anglorum

360 475 488 505 arces
513 469 558 504 et
582 459 868 504 munitiones
892 459 1163 521 irruperunt
1192 467 1332 521 atque
1362 468 1689 522 penetrarunt,
1713 471 1762 505 ut

360 535 489 581 nullo
516 552 648 599 paene
681 535 871 596 negotio
901 551 974 581 res
1002 545 1097 581 tam
1131 535 1302 581 arduas
1327 545 1466 598 atque
1493 535 1762 598 magnificas

360 622 524 657 contra
542 612 853 658 validissimos
866 611 1026 657 hostes
1040 628 1200 673 gerere
1217 611 1505 658 viderentur.
1520 615 1764 676 Expugna-

360 688 415 733 tis
440 689 599 751 itaque
625 687 810 734 duabus
830 698 909 733 aut
932 687 1081 733 trihus
1101 705 1155 733 ex
1180 688 1290 751 ipsis
1305 688 1519 746 hastiliis,
1547 690 1673 734 caesis
1691 689 1762 734 su·

360 766 516 828 sisque
552 765 790 824 hostibus,
833 765 911 828 qui
952 766 1000 810 in
1038 765 1213 810 caeteris
1248 775 1547 828 supererant,
1588 765 1763 812 eisdem

362 843 554 903 relictis,
582 859 666 906 per
698 843 854 904 fugam
887 841 1021 887 saluti
1057 858 1149 887 suae
1183 841 1428 886 consulere
1460 844 1760 888 statuerunt¹.

362 920 533 965 Castris
559 929 716 966 autem
740 920 951 983 ipsorum
980 918 1235 980 Anglorum
1259 917 1471 981 direptis,
1498 934 1627 963 arces
1658 919 1766 981 ipsae

362 1012 444 1041 seu
478 995 691 1054 hastiliae,
719 1013 821 1059 quae
844 1012 931 1059 pro
964 996 1124 1041 castris
1148 995 1207 1041 al)
1231 995 1365 1058 ipsis,
1393 995 1537 1041 instar
1568 995 1768 1059 oppido-

365 1089 469 1118 rum
499 1089 578 1118 seu
619 1073 945 1131 castellorum,
984 1072 1121 1134 lignis
1158 1072 1490 1135 lapidibusque
1526 1082 1768 1118 exstructae

365 1159 515 1208 erant,
537 1166 703 1195 omnes
720 1159 936 1195 crematae
952 1158 1076 1208 sunt,
1096 1158 1141 1195 ct
1163 1149 1228 1194 sic
1252 1149 1429 1207 civitas,
1456 1148 1595 1212 longa
1613 1149 1769 1195 inedia

367 1226 552 1288 fatigata
576 1236 621 1272 et
649 1227 888 1283 confecta,
918 1226 1088 1282 taliter,
1118 1225 1281 1271 divino
1314 1236 1429 1271 nutu
1460 1235 1598 1288 atque
1632 1227 1769 1272 mise-

366 1303 573 1359 ratione,
604 1302 691 1347 sul)
726 1302 900 1348 ducatu
936 1302 1168 1366 praedictae
1201 1304 1416 1360 Joannae,
1445 1300 1771 1363 hujuscemodi

368 1379 588 1443 periculis
611 1389 752 1442 atque
774 1379 1090 1426 incommodis
1113 1379 1306 1424 liberata
1327 1389 1412 1424 est.

436 1456 656 1519 Reliquiae
675 1466 832 1502 autem
855 1456 1111 1519 Anglorum
1134 1456 1194 1501 ad
1211 1456 1395 1503 diversa
1414 1457 1589 1520 oppida
1608 1466 1651 1502 et
1672 1457 1775 1503 loca

372 1532 674 1578 transierunt.
714 1535 845 1589 Quos
884 1542 1067 1578 tantum
1111 1549 1287 1578 nomen
1331 1533 1545 1595 famaque
1581 1532 1771 1592 Puellae,

372 1626 474 1672 quae
499 1618 611 1654 tunc
631 1626 714 1672 per
734 1626 927 1655 omnem
951 1609 1149 1655 Galliam
1172 1609 1387 1654 omnium
1412 1625 1494 1654 ore
1517 1608 1778 1655 celebraba-

374 1695 466 1743 tur,
484 1686 727 1730 exterritos
745 1695 922 1747 egerat,
942 1695 990 1730 ut
1008 1685 1125 1730 nihil
1139 1701 1290 1748 prope
1304 1685 1402 1748 spei
1418 1685 1464 1729 in
1484 1684 1772 1743 defensione,

375 1762 457 1808 sed
476 1762 523 1806 in
542 1762 640 1807 sola
660 1762 767 1823 fuga
786 1761 1053 1825 praesidium
1073 1777 1311 1824 superesse
1329 1760 1504 1806 eisdem
1520 1761 1773 1806 videretur.

380 1842 444 1883 Ex
468 1848 580 1883 tunc
598 1838 860 1900 Anglicanae
879 1837 1053 1899 sagittae
1080 1837 1186 1882 ferri
1211 1836 1330 1882 acies
1356 1846 1532 1890 retusa,
1555 1837 1779 1899 quemad-

381 1915 577 1960 modum
600 1931 682 1978 per
705 1925 830 1972 ante,
858 1923 1104 1976 penetrare
1129 1929 1226 1958 non
1250 1913 1430 1975 potuit,
1463 1929 1518 1957 ex
1548 1922 1660 1958 tunc
1685 1913 1778 1958 for-

381 2002 502 2037 tunae
525 2008 686 2036 cursus
719 1992 1017 2049 immutatus,
1054 2006 1110 2035 ex
1141 1999 1252 2034 tunc
1280 1992 1570 2034 Francorum
1602 2006 1673 2034 res
1701 1989 1782 2034 de-

375 2071 508 2132 jectae
532 2079 869 2133 prostrataeque
891 2068 1002 2130 erigi
1020 2077 1065 2112 et
1084 2067 1130 2111 in
1150 2083 1281 2129 spem
1301 2067 1542 2111 meliorem
1559 2066 1777 2124 relevari,

383 2147 639 2208 Anglorum
663 2162 797 2203 vero,
827 2161 943 2208 quas
969 2143 1330 2189 secundissimas
1352 2142 1579 2187 hactenus
1602 2140 1784 2187 habue-

381 2234 513 2280 rant,
540 2233 666 2269 retro
700 2224 844 2269 fluere
876 2221 1114 2284 dilabique
1147 2229 1405 2283 coeperunt.
1449 2223 1620 2264 Tantus
1657 2219 1783 2265 enim

381 2318 435 2346 ex
460 2301 561 2346 solo
598 2300 765 2347 Puellae
791 2300 984 2345 nomine
1019 2313 1184 2344 eorum
1217 2296 1385 2342 animis
1409 2313 1558 2359 pavor
1582 2296 1783 2342 incesse-

382 2387 451 2424 rat
483 2388 533 2423 ut
563 2387 857 2424 sacramento
893 2391 1066 2437 magno
1098 2390 1263 2420 eorum
1296 2373 1486 2436 plurimi
1516 2372 1780 2430 firmarent,

382 2454 508 2516 quod
529 2491 540 2513 ,
567 2454 669 2500 solo
694 2471 750 2500 eo
775 2453 936 2498 audito
972 2461 1050 2497 aut
1082 2451 1179 2513 ejus
1210 2450 1474 2513 conspectis
1506 2450 1672 2511 signis,
1698 2465 1785 2494 nec

382 2531 643 2577 reluctandi
682 2532 802 2577 vires
834 2531 1140 2591 animumque
1165 2527 1240 2572 vel
1263 2543 1397 2573 arcus
1427 2526 1714 2572 extendendi
1743 2534 1788 2571 et

436 2664 471 2700 1.
503 2664 599 2698 Tout
617 2674 658 2697 ce
679 2661 770 2698 recit
790 2661 836 2697 (le
859 2661 1037 2709 l’attaque
1059 2667 1096 2696 et
1116 2657 1162 2695 de
1181 2657 1217 2695 la
1230 2657 1331 2707 prise
1352 2656 1418 2693 des
1437 2656 1603 2693 bastilles
1625 2655 1671 2692 de
1691 2654 1786 2692 l’au-

381 2732 436 2760 tre
455 2721 537 2759 cote
561 2721 607 2757 de
628 2721 662 2756 la
682 2721 807 2765 Loire,
831 2730 886 2757 est
910 2733 983 2756 une
1001 2732 1148 2757 errcur.
1167 2720 1221 2754 La
1239 2717 1331 2753 ville
1353 2717 1408 2753 fut
1427 2715 1594 2752 (lelivree
1614 2715 1679 2751 des
1711 2726 1785 2763 que

383 2781 436 2818 les
452 2778 632 2830 positions
655 2777 700 2814 de
720 2778 756 2813 la
777 2777 857 2813 rive
877 2777 1022 2826 gauche
1043 2784 1176 2813 curent
1195 2776 1253 2812 e'te'
1273 2775 1432 2812 forcces.
