2037 3442
718 291 859 326 LIBER
895 292 1118 338 QUINTUS,
1543 294 1616 330 325

221 382 303 412 sua
326 367 412 413 sub
433 367 611 415 ditione
635 369 838 426 tenebat,
863 371 1048 430 gravior
1065 372 1191 433 justo
1216 381 1354 435 atque
1377 375 1621 420 onerosior

222 444 319 488 fuit.
349 447 463 489 Nam
490 461 597 489 cum
626 455 737 491 tunc
761 447 1097 493 rationabiliter
1132 448 1317 511 plebes,
1349 467 1451 512 quae
1482 460 1551 496 tot
1574 461 1619 496 et

221 528 370 564 tantas
398 536 451 565 ac
482 538 613 583 peene
648 521 1010 567 innumerabiles
1046 524 1202 569 clades
1239 541 1324 587 pro
1356 525 1448 571 fide
1481 526 1537 571 ad
1572 543 1618 572 se

220 596 447 641 servanda
482 596 816 660 [acceperant],
851 597 981 643 finita
1012 599 1107 660 jam
1145 617 1339 662 guerra,
1375 602 1619 648 sublevare

221 673 526 718 collationum
547 673 769 718 oneribus
793 683 837 718 et
871 674 1035 731 variis,
1067 674 1129 719 ob
1155 692 1429 735 guerrarum
1463 695 1621 724 neces-

219 751 372 796 sitates
398 751 782 814 superimpositis,
810 751 1111 813 vectigalibus
1141 761 1279 814 atque
1316 752 1500 799 tributis
1535 756 1619 801 de-

220 826 423 885 buisset,
457 838 502 873 et
537 844 697 873 earum
729 828 934 890 compati
971 828 1165 873 miseriis
1200 838 1243 873 et
1280 829 1621 876 calamitatibus

220 903 441 961 infinitis,
483 921 598 966 quas
631 905 703 949 sui
740 904 985 949 occasione
1026 904 1344 967 pertulerant,
1383 905 1430 950 id
1465 915 1620 952 tamen

220 981 413 1025 minime
439 980 605 1034 effecit,
627 981 707 1026 sed
727 981 1025 1026 exactionum
1046 997 1192 1026 onera
1210 981 1281 1027 vel
1308 983 1618 1041 continuavit,

220 1057 291 1100 vel
312 1058 451 1102 etiam
469 1057 671 1102 adauxit.
696 1060 745 1101 ln
765 1057 925 1119 quoin
949 1059 1099 1101 Deum
1115 1067 1158 1102 et
1179 1056 1394 1103 homines
1411 1059 1621 1122 profecto

219 1131 562 1193 ingratitudinis
602 1133 754 1179 labem
795 1143 935 1195 atque
970 1133 1133 1178 vitium
1173 1134 1366 1180 minime
1404 1152 1623 1183 excusare

220 1209 472 1269 potuisset,
509 1225 776 1271 quanquam
810 1209 869 1255 ab
896 1210 1287 1267 assentatoribus,
1311 1211 1388 1273 qui
1420 1212 1543 1258 circa
1575 1230 1623 1258 se

220 1300 390 1347 magno
420 1303 604 1349 semper
636 1304 835 1333 numero
865 1296 910 1332 et
942 1286 1048 1332 loco
1083 1287 1271 1332 sublimi
1312 1288 1618 1347 exsistebant,

219 1362 378 1408 omnia
413 1379 514 1425 quae
545 1373 702 1425 ageret
733 1380 811 1409 seu
854 1363 974 1425 juste
1005 1380 1085 1409 seu
1123 1363 1320 1425 injuste,
1349 1365 1622 1428 pertinacis-

219 1439 336 1484 sime
363 1450 715 1485 excusarentur.

286 1515 498 1561 Publicas
526 1517 666 1562 etiam
691 1516 1120 1563 administrationes
1156 1527 1296 1580 atque
1329 1518 1482 1565 officia
1503 1519 1626 1582 judi-

217 1601 387 1637 caturae
405 1593 573 1655 passim
595 1593 847 1656 unicuique
867 1594 1056 1656 petenti,
1077 1603 1120 1638 et
1140 1593 1316 1656 absque
1332 1594 1620 1655 difficultate,

218 1668 502 1714 venumdare
526 1670 758 1732 permisit;
785 1670 937 1732 quod,
964 1686 1105 1732 quam
1131 1670 1189 1715 sit
1214 1669 1412 1733 publicae
1436 1673 1623 1718 utilitati

218 1746 490 1804 adversum,
538 1757 809 1809 quantaque
847 1746 956 1791 inde
995 1746 1277 1792 detrimenta
1310 1749 1621 1811 proveniant,

218 1832 402 1885 quantae
437 1824 637 1886 proinde
681 1823 1097 1881 concussionibus,
1137 1823 1336 1886 rapinis,
1374 1834 1514 1887 atque
1550 1841 1626 1872 ca-

219 1898 408 1944 lumniis
431 1917 482 1944 ac
497 1900 685 1962 justitiae
707 1899 1000 1962 corruptioni
1030 1899 1304 1945 occasiones
1330 1911 1622 1964 praestentur,

221 1990 315 2019 non
343 1975 472 2020 facile
497 1976 587 2022 dici
614 1985 785 2039 posset.
806 1979 921 2032 Quae
945 1975 1249 2021 incommoda
1274 1977 1530 2039 prudenter
1549 1979 1628 2023 ad-

220 2061 451 2097 vertentes
474 2055 795 2098 Romanorum
816 2053 969 2114 legum
995 2053 1113 2098 sacri
1137 2052 1434 2112 conditores,
1465 2055 1626 2117 provi-

221 2126 491 2173 dentissime
529 2129 649 2173 inter
682 2128 886 2192 capitula
915 2129 1198 2190 juramenti,
1242 2129 1372 2191 quod
1409 2140 1627 2193 praestare

221 2214 440 2250 tenentur
475 2207 555 2268 qui
589 2207 648 2252 ad
677 2206 886 2269 publicas
912 2206 1341 2252 administrationes
1365 2207 1629 2253 adsciscun-

221 2291 311 2339 tur,
343 2283 457 2328 illud
484 2283 805 2340 inseruerunt,
836 2282 967 2345 quod
993 2282 1108 2328 nihil
1127 2320 1137 2336 ,
1168 2293 1216 2328 ut
1247 2284 1627 2330 administratio—

224 2375 328 2403 nem
359 2369 783 2421 consequerentur,
820 2359 1005 2404 dedisse
1041 2358 1113 2404 vel
1138 2361 1406 2422 promisisse
1427 2398 1438 2419 ,
1471 2378 1555 2424 per
1581 2378 1628 2407 se

221 2436 292 2480 vel
316 2436 638 2498 interpositam
664 2452 913 2500 personam
931 2473 940 2491 ,
968 2447 1261 2482 sacramento
1287 2437 1539 2483 affirment.

286 2515 333 2557 In
361 2514 635 2558 coercendis
667 2514 806 2558 etiam
840 2514 1014 2576 rapinis
1042 2523 1182 2576 atque
1218 2514 1399 2575 injuriis
1433 2532 1627 2560 suorum

219 2589 628 2651 stipendiariorum
646 2590 956 2652 negligentior
974 2589 1074 2634 fuit.
1092 2592 1207 2636 Nam
1226 2591 1305 2635 ubi
1324 2608 1411 2655 pro
1427 2592 1629 2637 statione

220 2666 359 2710 locati
386 2675 538 2723 erant,
569 2684 651 2730 per
673 2684 810 2729 agros
834 2676 877 2712 et
914 2666 1045 2710 villas
1076 2666 1288 2712 victitare
1307 2703 1318 2723 ,
1346 2677 1486 2730 atque
1524 2685 1632 2731 pro-

223 2741 441 2788 vinciales
461 2760 548 2807 pro
567 2744 718 2802 libito,
743 2743 823 2789 ubi
852 2753 893 2788 et
914 2743 1096 2804 quoties
1122 2743 1362 2801 volebant,
1379 2744 1635 2810 hospitales
