2037 3442
717 211 763 245 LI
770 211 861 244 BER
895 209 1095 244 TERTIUS
1103 238 1110 245 .
1546 211 1562 244 1
1573 211 1620 245 59

228 294 392 355 regalis
411 293 715 340 successionis
739 302 785 338 et
820 290 1168 355 propagationis
1203 291 1384 352 generis
1418 291 1623 353 reposita

219 388 322 434 spes
347 381 468 428 crat,
502 370 646 426 vidit,
677 369 793 413 infra
823 385 999 431 paucos
1034 377 1139 429 post
1175 383 1328 412 annos
1366 365 1618 424 decursos,

220 464 269 492 se
290 457 335 492 et
354 449 573 493 maritum
590 444 912 490 miserabiliter
930 460 1074 504 regno
1096 443 1255 506 pulsos
1276 451 1321 487 et
1337 443 1384 487 in
1407 443 1622 488 exsilium

220 535 403 582 trusos;
431 534 502 579 et,
530 533 781 586 postquam
807 522 897 566 illic
927 521 1008 565 diu
1031 519 1375 576 extabuissent,
1410 529 1454 564 ct
1481 520 1621 565 mari-

222 611 293 646 tus
317 602 458 662 longo
491 617 675 646 carcere
706 607 966 644 maceratus
995 597 1178 655 suisset,
1208 597 1407 641 sortunae
1435 596 1622 641 blandi-

222 678 294 723 tiis
327 694 380 723 ac
404 678 606 722 ludibrio
644 678 689 721 in
718 691 916 737 regnum
940 674 998 719 ad
1023 683 1322 719 momentum
1353 674 1618 732 restitutos;

222 754 304 800 sed
328 755 469 817 paulo
495 764 625 817 post,
658 763 703 798 et
727 752 895 798 eodem
920 767 1050 815 paene
1076 759 1346 805 moment0‚
1379 765 1455 805 se,
1481 750 1621 794 mari-

221 841 321 877 tum
344 841 389 876 et
423 831 571 876 filium
591 832 688 892 jam
717 829 964 892 puberem,
1001 844 1108 873 cum
1136 829 1191 873 in
1224 826 1374 872 solido
1414 825 1622 871 firmasse

222 907 414 967 vestigia
437 923 484 951 se
508 906 784 961 crederent,
823 905 867 949 in
901 913 1158 949 extremam
1183 903 1354 947 iterum
1384 902 1621 947 miseriam

224 983 474 1028 revolutos.
510 983 631 1028 Vidit
668 982 816 1027 filium
841 997 949 1026 cum
978 997 1150 1042 magno
1184 979 1463 1025 exercituin
1496 978 1621 1024 bello

224 1059 399 1103 victum
432 1069 477 1103 et
500 1060 779 1103 exstinctum
812 1073 923 1102 cum
956 1057 1074 1113 suis,
1118 1056 1337 1101 maritum
1378 1055 1538 1100 denuo
1573 1056 1619 1101 in

223 1150 457 1179 carcerem
505 1144 738 1179 retrusum
788 1143 831 1178 et
880 1133 1049 1178 iterum
1101 1148 1156 1177 ex
1196 1148 1304 1193 rege
1349 1132 1618 1194 captivum,

223 1210 476 1272 paucisque
516 1220 622 1272 post
656 1209 939 1272 interpositis
978 1207 1169 1265 diebus,
1223 1207 1528 1267 suffocatum3
1574 1225 1621 1254 se

223 1286 372 1348 ipsam
391 1301 528 1343 vero,
556 1286 617 1331 ad
642 1285 830 1330 victoris
859 1283 1131 1330 devolutam
1156 1300 1350 1330 manum
1372 1321 1382 1342 ‚
1403 1285 1622 1330 miseram

223 1360 283 1406 ad
314 1361 502 1405 victoris
537 1362 779 1406 arbitrium
818 1360 1000 1406 trahere
1037 1361 1197 1405 vitam.
1238 1360 1364 1406 Talia
1405 1361 1542 1422 igitur
1576 1370 1622 1406 et

223 1436 412 1495 similia,
438 1455 555 1500 quae
580 1439 713 1483 toties
739 1447 783 1482 et
813 1454 896 1500 per
929 1453 1094 1482 omnes
1135 1446 1264 1482 terrae
1290 1436 1448 1499 plagas
1471 1438 1621 1483 conti-

226 1514 342 1576 gisse
364 1524 543 1559 veteres
574 1514 766 1559 annales
804 1524 848 1559 et
874 1513 1078 1559 liistoriae
1113 1513 1321 1559 referunt
1353 1524 1621 1577 canuntque

224 1590 456 1652 tragoediae
477 1627 488 1649 ,
530 1590 732 1651 legentes
765 1600 1022 1651 agnoscant
1051 1606 1217 1635 verum
1253 1607 1350 1637 esse
1388 1592 1518 1653 quod
1550 1608 1621 1637 sa-

225 1667 406 1730 pienter
424 1669 598 1712 Seneca
622 1666 791 1711 cecinit
814 1683 824 1709 ε

408 1810 521 1844 Nemo
538 1816 609 1842 tam
626 1808 725 1842 divos
743 1809 865 1842 habuit
884 1810 1034 1843 faventes

410 1868 605 1901 Crastinum
622 1877 659 1901 ut
675 1869 785 1914 possit
801 1868 865 1901 sibi
886 1867 1043 1913 polliceri
1060 1880 1067 1901 z

408 1928 474 1960 Res
494 1928 585 1960 Deus
602 1935 736 1960 nostras
753 1927 855 1959 celeri
873 1926 991 1960 citatas

571 1986 729 2019 Turbine
751 1994 880 2028 versat3

224 2109 498 2171 discantque
531 2109 750 2155 mortales
788 2126 885 2154 non
910 2109 956 2154 in
988 2109 1167 2170 fastigio
1193 2110 1525 2173 temporalium
1548 2111 1620 2157 di-

225 2188 482 2248 gnitatum,
518 2202 615 2231 non
651 2187 699 2231 in
740 2185 975 2249 potentia,
1009 2185 1273 2232 honoribus
1311 2187 1383 2232 vel
1423 2188 1618 2247 divitiis,

223 2280 302 2307 seu
328 2262 506 2307 miseris
532 2272 671 2325 atque
702 2262 1026 2325 insipientibus
1048 2261 1392 2326 voluptatibus,
1418 2274 1498 2310 aut
1522 2266 1623 2327 qui-

222 2340 518 2400 buscumque
558 2338 896 2402 temporalibus
931 2339 1025 2384 istis
1053 2349 1098 2384 et
1133 2340 1411 2385 transitoriis
1451 2340 1618 2402 rebus,

224 2416 527 2479 quaerendam
558 2416 632 2461 vel
666 2416 1043 2462 constituendam
1077 2433 1176 2462 esse
1210 2417 1506 2476 felicitatem,
1541 2419 1623 2464 sed

223 2496 272 2541 in
307 2496 407 2540 solo
445 2495 525 2540 illo
560 2511 671 2540 vero
715 2505 760 2540 et
792 2495 1000 2558 perfecto
1032 2495 1188 2555 bono,
1236 2505 1374 2559 atque
1403 2506 1574 2543 aeterno
1608 2517 1616 2543 :

224 2575 354 2638 quod
374 2575 454 2637 qui
480 2574 623 2620 semel
647 2574 783 2620 fuerit
810 2583 1106 2635 consecutus,
1137 2576 1352 2621 omnium
1383 2575 1622 2623 bonorum

225 2650 515 2697 abundantia
550 2651 727 2697 fruetur
761 2651 1124 2714 safiabsturque,
1168 2653 1335 2699 timore
1389 2653 1622 2700 malorum
