2142 3473
510 273 557 308 30
885 271 1227 308 HISTORIARUM
1254 272 1433 310 CALOLI
1461 275 1532 309 VII

569 355 674 396 Non
698 360 856 397 autem
879 360 1206 413 opportunum
1236 361 1457 415 putamus
1475 354 1660 400 silentio
1677 359 1910 418 praeterire

503 427 754 473 seditiones
798 428 907 473 satis
944 426 1207 473 horrendas
1247 438 1387 491 atque
1425 430 1754 490 exsecrandaS‚
1793 449 1909 494 quas

501 503 798 567 plebeiorum
831 502 981 549 turbae
1018 504 1066 549 in
1104 505 1206 567 ipsa
1239 506 1365 567 regia
1400 506 1543 565 urbe,
1577 517 1830 571 postquam
1860 510 1909 555 in

500 596 605 626 eam
647 580 1010 643 Burgundiones
1044 591 1341 644 receperant,
1381 582 1548 629 rabido
1587 594 1726 647 atque
1760 585 1909 649 impio

500 658 639 703 nimis
662 657 818 703 furore
841 659 1139 704 concitarunt
1163 668 1208 705 et
1229 660 1477 722 agitarunt.
1503 663 1736 725 Imprimis
1761 664 1909 709 comi-

501 745 597 783 tem
621 737 886 783 Armeniaci
908 736 1001 782 illic
1018 737 1290 797 inventum,
1311 738 1390 800 qui
1415 737 1511 784 dux
1532 739 1705 785 militiae
1730 750 1776 786 et
1797 757 1912 786 con-

499 812 782 860 stabularius
827 813 971 875 regis,
1016 823 1067 859 ut
1108 814 1443 877 praemisimus,
1489 825 1610 874 erat,
1658 815 1910 881 abreptum

500 891 660 937 furens
678 901 724 937 et
745 891 981 936 insaniens
1000 890 1169 953 vulgus
1186 891 1439 938 crudeliter
1455 893 1671 956 peremit.
1693 896 1788 940 Nec
1810 895 1911 956 ejus

497 968 678 1015 crudeli
725 985 841 1015 nece
883 969 1120 1028 contenti,
1165 967 1224 1014 ab
1261 968 1434 1031 injuria
1477 970 1760 1033 quieverunt
1779 989 1790 1029 3
1828 971 1910 1017 sed

499 1045 644 1109 ipsius
669 1062 844 1110 corpus
868 1046 1101 1092 nudatum
1120 1046 1167 1091 in
1185 1046 1328 1110 regali
1348 1047 1520 1110 palatio
1543 1064 1684 1112 super
1705 1063 1911 1094 marmo-

499 1138 629 1168 ream
658 1122 894 1169 tabulam¹
922 1133 1207 1186 posuerunt,
1235 1133 1298 1182 et,
1325 1124 1533 1171 detracta
1566 1134 1672 1171 cute
1697 1126 1909 1189 corporis

498 1199 559 1245 ad
578 1199 777 1246 modum
805 1201 958 1246 crucis
977 1201 1139 1247 Sancti
1163 1200 1376 1258 Andreae,
1402 1202 1587 1265 signum
1611 1202 1907 1265 Burgundio—

497 1293 615 1322 num
643 1277 774 1323 carni
794 1294 887 1323 suae
907 1277 1274 1341 impresserunt3
1300 1278 1458 1325 multis
1475 1279 1617 1326 etiam
1643 1280 1906 1343 pugionum

496 1353 667 1400 ictibus
687 1365 827 1417 atque
843 1354 1117 1420 vulneribus
1137 1356 1351 1402 exanime
1370 1356 1570 1403 cadaver
1590 1356 1908 1402 confoderunt

495 1441 637 1494 atque
670 1432 953 1478 lacerarunt.
980 1435 1098 1478 Tum
1123 1450 1233 1479 vero
1266 1433 1471 1480 subinde
1494 1451 1579 1498 per
1603 1433 1773 1480 urbem
1808 1434 1904 1479 dis-

496 1525 707 1568 cursare,
735 1509 906 1556 domos
937 1511 1225 1574 irrumpere,
1252 1513 1377 1558 cives
1399 1512 1607 1575 optimos
1629 1520 1773 1574 atque
1807 1510 1906 1556 ho-

496 1588 724 1634 nestiores
749 1604 964 1651 quosque
992 1588 1053 1635 ad
1076 1606 1287 1636 carceres
1309 1588 1496 1635 trahere
1523 1588 1786 1634 Armeniaci
1808 1604 1906 1633 no—

496 1665 652 1725 minis,
675 1664 865 1728 quibus,
883 1665 955 1711 vel
975 1666 1146 1730 privati
1170 1666 1267 1712 odii
1291 1666 1467 1726 furore,
1485 1665 1560 1712 vel
1577 1682 1664 1730 pro
1683 1665 1905 1729 praedicta

495 1741 749 1805 cupiditate
771 1742 940 1788 liberet
962 1743 1201 1804 objectare
1219 1745 1248 1803 ²,
1281 1754 1327 1790 et
1355 1742 1526 1807 quibus
1558 1741 1794 1804 objectare
1818 1758 1901 1788 vo-

493 1818 709 1879 luissent,
728 1819 864 1865 ferire
876 1856 887 1876 ,
903 1835 1090 1878 necare,
1111 1820 1363 1867 crudeliter
1380 1821 1608 1879 lacerare,
1627 1819 1902 1865 sicariorum

494 1895 632 1941 turba
648 1931 660 1954 ,
686 1912 744 1942 ex
766 1895 904 1960 plebe
927 1895 1151 1942 vilissima
1173 1906 1312 1960 atque
1342 1895 1570 1960 opificum
1601 1895 1901 1941 mercenariis

493 1982 765 2036 aggregata,
804 1989 889 2037 per
929 1972 1029 2018 dies
1071 1972 1301 2036 plurimos
1345 1990 1444 2019 non
1487 1982 1742 2019 cessarunt.
1779 1971 1902 2017 Nihil

493 2051 621 2096 enim
643 2059 712 2096 est
733 2049 1041 2114 popularibus
1056 2050 1222 2111 turbis,
1242 2060 1522 2114 potestatem
1542 2067 1597 2097 ac
1620 2049 1900 2095 dominandi

492 2127 730 2173 licentiam
753 2127 852 2172 sine
879 2127 1046 2173 ordine
1069 2127 1418 2192 arripientibus,
1436 2126 1759 2190 insipientius,
1782 2124 1900 2171 nihil

492 2204 730 2262 stolidius,
758 2204 878 2250 nihil
901 2204 1233 2268 periculosius,
1262 2204 1381 2250 nihil
1404 2204 1611 2267 denique
1643 2202 1894 2250 crudelius

493 2285 597 2328 Non
620 2283 746 2328 enim
774 2283 968 2328 rationis
983 2282 1161 2345 judicio
1184 2299 1266 2328 seu
1295 2282 1647 2340 moderamine,
1676 2280 1759 2327 sed
1781 2297 1899 2343 quo-

492 2376 697 2423 cumque
715 2360 917 2423 impetus
932 2359 1139 2419 duxerit,
1158 2359 1388 2419 feruntur,
1412 2360 1635 2405 torrentis
1654 2359 1800 2404 instar
1819 2367 1899 2404 aut

492 2438 850 2485 saevissimarum
874 2454 1007 2483 more
1023 2436 1305 2484 belluarum.
1331 2440 1425 2483 Nec
1439 2453 1552 2484 vero
1572 2435 1891 2501 pontificibus,

546 2593 583 2627 ·1.
615 2592 687 2628 Sur
700 2589 737 2626 la
751 2589 851 2627 table
868 2589 915 2626 de
931 2587 1083 2626 marbre
1100 2588 1152 2625 du
1168 2587 1290 2626 Palais
1307 2601 1354 2626 en
1371 2588 1408 2626 la
1422 2588 1515 2627 Cite.
1536 2587 1669 2627 C'e‘ztait
1681 2600 1733 2625 un
1749 2586 1836 2624 bloc
1847 2585 1893 2623 de

493 2647 658 2695 marbre,
676 2648 782 2698 place
801 2662 849 2686 au
868 2648 962 2686 bout
979 2648 1026 2684 de
1046 2648 1082 2685 la
1099 2647 1341 2699 grand’salle.

544 2711 584 2747 2.
612 2708 798 2758 Suppleez
810 2709 1070 2744 Armeniacum
1087 2721 1215 2745 nomen
1232 2721 1280 2746 en
1293 2707 1532 2759 supprimant
1550 2707 1635 2758 plus
1653 2706 1746 2744 haut
1763 2708 1893 2741 Arme-

494 2781 593 2804 nlael
604 2780 776 2804 nomlms.
