2037 3442
751 300 890 334 LIBER
919 298 1158 345 QUARTUS.
1583 298 1652 334 921

266 380 484 426 Ebro'i‘cas
511 398 557 426 sc
579 381 800 439 contulit,
838 380 917 426 ubi
951 381 1112 444 paucis
1137 379 1429 442 consumptis
1460 377 1624 424 diebus
1644 415 1655 436 ‚

263 458 371 504 inde
389 458 447 504 ad
466 459 762 504 Locumveris
779 460 814 517 ¹,
836 458 894 503 ab
916 457 1030 503 urbe
1048 457 1340 519 Rothomago
1355 466 1533 519 septem
1556 472 1660 518 par-

263 535 331 580 vis
360 535 503 580 leucis
538 552 633 580 non
667 536 866 598 amplius
895 544 1153 592 remotum,
1184 550 1230 579 se
1266 533 1479 579 contulit.
1513 535 1659 577 Porro

262 628 370 656 cum
392 611 484 656 illic
504 621 638 670 esset,
666 612 857 675 quidam
881 611 1093 673 Anglicus
1116 610 1273 666 miles,
1301 610 1383 672 qui
1404 608 1592 654 Gisortii
1616 617 1661 653 et

266 688 675 750 Rupis-Gnidonis²
695 688 954 735 custodiam
972 687 1029 732 ab
1051 687 1307 747 Anglorum
1326 703 1433 747 rege
1447 686 1661 732 commis-

264 781 361 810 sam
386 764 607 825 habebat,
632 766 770 812 rebus
794 766 886 810 suis
911 762 1187 821 consulens,
1215 762 1445 826 promissa
1468 762 1552 807 sibi
1579 779 1660 825 per

266 859 421 903 regem
441 853 577 888 certa:
591 843 859 904 quantitatis
883 841 1091 905 pecuniae
1109 856 1266 885 annua
1290 839 1535 902 pensione,
1552 855 1659 883 cum

264 919 476 966 custodia
500 921 636 966 castri
661 919 1063 966 Sancti-Germani
1086 917 1144 964 ad
1170 920 1339 979 Layam
1364 932 1512 979 prope
1537 915 1661 960 Pari-

264 996 383 1056 sios,
412 1014 498 1060 pro
533 1013 625 1043 suae
659 1012 868 1060 personae
908 996 1072 1058 suique
1108 1003 1251 1039 status
1283 992 1553 1049 securitate,
1581 991 1661 1036 Gi-

265 1073 393 1118 sortii
425 1084 471 1119 et
499 1075 616 1120 arcis
652 1074 872 1137 praefatae„
904 1089 1006 1135 quae
1037 1072 1209 1117 dicitur
1236 1068 1658 1133 Rupes-Guidonis‚

265 1149 555 1196 deditionem
582 1152 728 1197 secit³.

333 1227 581 1274 Restabant
601 1238 727 1273 trans
744 1227 919 1272 flumen
943 1228 1192 1287 Sequanae,
1217 1240 1375 1270 versus
1395 1222 1663 1268 inferiorem

266 1304 624 1362 Normanuiam,
645 1313 847 1350 castrum
866 1302 1117 1348 Haricuriae
1152 1311 1197 1347 et
1223 1311 1428 1347 castrum
1448 1299 1507 1345 de
1530 1302 1664 1346 Cam-

264 1378 428 1425 bresiis
462 1390 507 1426 et
551 1381 824 1439 Oximuin'*‚
857 1396 981 1443 quae,
1022 1380 1137 1425 dum
1166 1396 1247 1424 rex
1281 1388 1399 1424 esset
1429 1377 1555 1441 apud
1581 1380 1667 1422 Lo*

265 1458 525 1517 cumeris,
559 1457 737 1504 levibus
769 1456 1125 1516 obsidionibus,
1152 1455 1284 1501 nullo
1314 1471 1444 1518 paene
1474 1455 1664 1517 negotio

265 1542 345 1577 aut
368 1543 492 1579 certe
528 1535 741 1590 modico,
775 1534 1054 1590 constricta,
1084 1533 1131 1577 in
1157 1531 1447 1577 deditionem
1470 1531 1660 1594 recepit.

330 1611 628 1658 Mandaverat
652 1621 810 1659 autem
834 1612 929 1675 ipse
950 1628 1028 1656 rex
1052 1610 1317 1666 Francisco,
1346 1609 1455 1654 duci
1485 1608 1664 1653 Britan*

266 1688 380 1749 niae,
420 1690 500 1752 qui
536 1690 623 1735 sibi
658 1690 794 1736 valde
828 1689 1084 1735 benevolus
1132 1697 1177 1734 et
1218 1687 1666 1750 obsequentissimus

266 1774 389 1825 erat,
419 1775 649 1829 quatenus
672 1776 817 1812 terras
851 1765 1082 1812 inferioris
1113 1764 1413 1811 Normanniae
1438 1780 1547 1809 cum
1573 1762 1667 1809 suis

265 1852 311 1888 et
349 1843 435 1899 eis,
480 1860 595 1907 quas
634 1842 723 1889 sibi
760 1843 953 1890 dederat
990 1860 1094 1902 rex,
1133 1842 1280 1906 copiis
1317 1839 1662 1905 aggrederetur.

322 1997 358 2036 sl.
390 1997 588 2035 Louviers.

320 2058 358 2094 ⁶2.
389 2060 442 2094 La
459 2058 763 2108 Roche-Guyon.

322 2120 358 2156 3.
388 2120 569 2155 L'auteur
586 2118 751 2155 confond
771 2118 819 2155 ici
839 2118 940 2155 deux
955 2117 1160 2168 capitaines
1179 2116 1323 2168 anglais
1341 2116 1406 2166 qui
1424 2118 1536 2154 firent
1553 2118 1574 2153 a
1594 2125 1666 2166 peu

268 2177 353 2226 pres
382 2177 418 2214 la
445 2179 568 2215 meme
593 2179 706 2216 chose
726 2207 736 2224 ‚
757 2179 923 2216 Richard
951 2179 998 2216 de
1020 2178 1218 2228 Marbury,
1241 2178 1427 2228 capitaine
1446 2177 1493 2215 de
1514 2177 1643 2214 Gisors
1657 2207 1666 2224 ‚

268 2245 304 2274 et
323 2237 422 2275 John
442 2238 589 2286 Howel‚
612 2239 797 2289 capitaine
818 2239 865 2276 de
883 2242 936 2276 La
947 2239 1250 2289 Roche-Guyon.
1265 2242 1364 2276 Tous
1382 2239 1483 2275 deux
1501 2251 1540 2275 se
1560 2238 1670 2274 firent

268 2297 383 2348 sujets
410 2297 457 2334 de
487 2297 641 2335 Charles
664 2301 731 2336 VII
753 2313 760 2334 :
790 2299 824 2336 le
851 2299 1030 2349 premier,
1064 2313 1163 2350 pour
1188 2298 1316 2336 ravoir
1339 2312 1396 2336 ses
1426 2298 1573 2335 enfants
1603 2297 1668 2346 qui

267 2355 417 2393 avaient
436 2356 494 2394 e'tt':
521 2356 604 2394 faits
630 2356 887 2408 prisonniers;
918 2358 953 2395 le
978 2358 1143 2405 second,
1178 2371 1291 2408 parce
1319 2361 1498 2407 qu’ayant
1527 2357 1669 2407 promis

268 2414 426 2452 d'abord
446 2415 492 2453 de
515 2429 554 2453 se
576 2416 714 2453 rendre
735 2416 827 2453 dans
853 2417 887 2454 le
908 2425 1025 2454 terme
1045 2417 1091 2454 de
1112 2417 1248 2467 quinze
1267 2416 1396 2463 jours,
1419 2416 1475 2453 s’il
1496 2429 1545 2452 ne
1564 2429 1667 2452 rece-

267 2475 344 2511 vait
368 2488 433 2525 pas
453 2475 499 2512 de
519 2476 685 2522 renfort‚
718 2477 751 2514 le
778 2476 850 2514 duc
875 2476 922 2513 de
949 2480 1162 2523 Somerset,
1188 2475 1341 2512 instruit
1372 2474 1418 2511 de
1448 2482 1544 2511 cette
1576 2487 1669 2511 con-

269 2535 445 2581 venffion,
478 2548 626 2585 envoya
653 2536 717 2573 des
743 2549 834 2586 gens
862 2549 960 2585 pour
985 2534 1233 2572 l’assassiner.
1269 2533 1365 2572 C’est
1390 2535 1411 2570 a
1438 2532 1604 2570 Richard
1625 2532 1672 2570 de

268 2592 449 2643 Marbury
468 2607 543 2643 que
562 2594 617 2631 sut
634 2594 782 2632 donnee
802 2595 836 2631 la
855 2594 1100 2644 capitainerie
1115 2593 1161 2631 de
1181 2593 1483 2631 Saint-Germain
1495 2606 1542 2630 en
1555 2595 1670 2642 Laye.

269 2655 392 2702 Voyez
414 2656 450 2690 J.
472 2653 658 2699 Char-tier,
682 2653 775 2690 dans
791 2653 1000 2702 Godesmy,
1017 2667 1054 2704 p.
1080 2656 1154 2690 160
1172 2663 1208 2691 et
1226 2655 1316 2691 168.

320 2715 357 2750 4.
387 2715 458 2750 Les
480 2712 666 2750 chateaux
686 2712 732 2750 de
747 2711 936 2751 Harcourt
958 2721 994 2749 et
1014 2712 1060 2750 de
1077 2711 1315 2759 Chambrois,
1335 2711 1429 2749 ainsi
1446 2724 1520 2762 que
1535 2711 1570 2749 la
1585 2709 1673 2749 ville

267 2772 459 2810 d'Exmes.
