2037 3442
743 270 886 305 LIBER
913 270 1139 316 QuiN'rUS.
1559 271 1632 305 273

236 349 357 410 agris
394 349 620 396 Flaudriae
652 368 794 413 quam
818 353 1104 410 Hannoniae,
1132 351 1286 396 nullus
1311 352 1405 397 ruri
1429 352 1633 397 colendo

236 424 523 485 intenderet,
554 428 775 491 nullaque
791 446 920 491 paene
938 429 1045 474 villa
1058 445 1154 474 non
1171 439 1377 475 cremata
1393 439 1630 475 maneret:

238 509 365 547 tauta
392 503 560 559 rabies,
588 504 810 566 furorque
837 505 987 549 feralis
1011 505 1199 550 illorum
1223 505 1509 568 populorum
1535 507 1639 550 ani-

238 594 341 622 mos
364 579 611 626 obsederat
634 591 678 626 et
702 580 913 626 tenebat!
946 582 1209 627 Miseranda
1238 582 1449 644 profecto
1482 599 1639 628 rerum

239 654 375 699 facies
400 665 445 699 et
470 656 616 702 foedus
642 658 816 720 ubique
834 674 917 721 per
942 673 1077 719 agros
1100 667 1378 719 prospectus
1405 667 1531 716 erat3
1558 659 1641 704 ubi

238 732 381 786 enim,
397 733 538 794 paulo
550 745 672 793 ante,
688 745 809 779 terra
822 734 919 795 ipsa
937 733 1084 778 fuerat
1098 733 1385 796 populorum
1400 734 1644 780 abundan-

240 808 301 853 tia
318 809 671 865 confertissima,
690 825 797 870 ager
813 808 1094 854 cultissimus
1110 818 1155 854 et
1172 809 1385 852 omnium
1401 807 1641 854 bonorum

239 885 450 930 ubertate
474 886 834 943 amoenissimus,
859 884 940 929 ubi
962 884 1081 929 villae
1106 884 1392 929 densissimae
1415 901 1468 930 ac
1491 901 1644 948 popu-

236 962 491 1020 losissimae,
510 978 606 1006 non
634 962 720 1007 nisi
738 961 976 1007 desertum
1001 960 1302 1022 solitudoque
1329 971 1374 1006 et
1396 961 1640 1017 maceries,

239 1037 482 1084 destructae
518 1038 679 1083 favilla:
713 1048 757 1083 et
792 1038 995 1095 cineres,
1029 1054 1111 1082 seu
1145 1037 1376 1082 semiustae
1409 1036 1561 1081 trabes
1593 1053 1646 1082 ac

240 1114 366 1175 tigna
392 1114 686 1159 videbantur.
716 1115 761 1159 Si
785 1113 902 1176 quid
927 1130 1038 1159 vero
1064 1114 1151 1176 ipsi
1178 1114 1250 1159 vel
1274 1114 1471 1177 propius
1495 1115 1649 1159 consi-

238 1200 364 1236 stens
387 1208 472 1235 suo
498 1191 695 1254 oppido,
723 1191 796 1236 vel
820 1189 999 1236 civibus
1023 1191 1243 1249 attinens,
1271 1208 1349 1235 seu
1374 1191 1515 1236 etiam
1539 1190 1647 1236 alibi

239 1268 466 1311 intactum
481 1267 792 1329 reliquissent,
810 1267 1064 1313 veniebant
1079 1267 1248 1313 milites
1266 1267 1508 1330 principis,
1528 1284 1647 1329 quos

238 1342 439 1404 praesidii
463 1359 601 1388 causa
631 1345 678 1388 in
707 1344 893 1406 oppidis
922 1353 967 1389 et
997 1344 1158 1389 castris
1187 1344 1352 1388 vicinis
1383 1344 1644 1401 locaverat,

239 1419 346 1481 qui,
380 1420 538 1464 omnia
564 1419 889 1465 collustrautes
921 1430 966 1466 et
998 1429 1348 1483 percursantes,
1384 1422 1649 1466 exterminii

237 1498 698 1542 consummationem
740 1498 995 1557 faciebant,
1036 1498 1153 1542 nihil
1194 1499 1381 1561 penitus
1412 1500 1647 1562 integrum

239 1574 570 1636 relinquentes,
593 1575 652 1620 ad
667 1575 797 1637 quod
817 1592 984 1621 manus
1008 1576 1193 1621 mittere
1217 1576 1495 1638 potuissent.

715 1748 1049 1792 CAPITULUM
1085 1749 1161 1791 lX.

298 1868 455 1911 Qualiter
471 1867 673 1903 Gandenses
692 1867 904 1900 obsederunt
920 1866 1093 1913 oppidum
1111 1866 1154 1900 de
1174 1866 1385 1900 Oudenaercle
1399 1893 1409 1910 ,
1430 1867 1491 1900 ubi
1509 1867 1586 1901 caesi

682 1928 856 1973 fugatique
872 1928 1020 1973 turpiter
1036 1927 1187 1961 fuerunt.

304 2051 421 2092 Cum
449 2064 561 2092 vero
588 2048 673 2110 ipsi
700 2047 974 2093 Gandenses
997 2064 1052 2092 ex
1083 2048 1270 2111 oppidis
1298 2047 1488 2105 vicinis,
1521 2046 1644 2091 mili-

242 2124 415 2170 taribus
449 2124 594 2186 copiis
622 2123 820 2179 refertis,
856 2125 1056 2185 graviter
1088 2133 1384 2186 urgerentur,
1420 2132 1464 2168 et
1498 2123 1643 2185 potis-

241 2201 354 2245 sime
393 2217 448 2245 ex
483 2198 662 2262 oppido
699 2199 979 2245 Oldenardae
1002 2202 1028 2257 ¹,
1060 2200 1190 2262 quod
1220 2201 1307 2258 eis,
1346 2216 1405 2244 ne
1436 2216 1519 2262 per
1554 2199 1641 2243 ssu-

242 2296 348 2324 men
364 2282 377 2301 ‘²
397 2295 450 2323 ex
469 2281 678 2322 Tornaco
699 2286 745 2322 et
762 2277 1080 2339 adjacentibus
1103 2279 1237 2323 terris
1257 2276 1420 2321 solatia
1443 2293 1643 2322 annonae

239 2365 606 2415 caeterarumque
645 2371 801 2399 rerum
841 2353 929 2399 sibi
972 2355 1341 2399 necessariarum
1379 2369 1640 2414 conseque-

241 2441 419 2488 rentur,
469 2430 603 2475 valde
645 2429 892 2488 obstabat,
926 2430 1026 2476 ausi
1074 2439 1182 2475 sunt
1218 2431 1373 2492 ipsum
1411 2429 1640 2491 oppidum

240 2508 451 2571 profecto
485 2494 660 2553 temere
696 2506 893 2552 nimium
935 2506 1168 2552 obsidere.
1211 2508 1328 2551 Ante
1364 2504 1494 2568 quod
1533 2521 1639 2550 cum

298 2682 331 2717 1.
364 2678 605 2717 Audenarde.

293 2741 330 2775 9..
365 2741 558 2776 L'Escaut.

349 2818 361 2839 1
1387 2803 1432 2838 18
