2037 3442
453 339 527 374 256
816 337 1155 372 HISTORIARUM
1180 338 1358 372 CAROLI
1385 339 1452 372 VII

451 423 496 459 et
513 411 880 475 inspicientibUS,
907 429 992 474 pro
1010 413 1158 475 culpis
1177 423 1221 458 et
1238 413 1575 458 offensionibus
1588 430 1703 475 quas
1719 432 1840 459 eom-

452 489 654 545 miserat,
678 489 882 533 ostensui
908 498 1040 533 esset.
1060 488 1198 544 Quod
1224 489 1376 534 eidem
1396 489 1505 535 duci
1523 491 1840 535 verecundum

454 564 586 609 valde
621 573 760 625 atque
801 564 1164 625 ignominiosum
1210 565 1345 609 fuisse
1383 565 1631 610 ferebatur.
1674 565 1808 611 Unde
1827 601 1838 621 ,

453 639 558 684 licet
582 650 691 684 tunc
714 655 817 684 eam
843 639 1147 700 ignominiam
1174 641 1289 686 ferre
1309 642 1460 703 ipsum
1486 641 1730 686 necessitas
1748 639 1844 684 adi-

454 725 609 777 geret,
646 731 741 760 non
775 715 970 760 dubium
1003 726 1155 760 tamen
1193 717 1307 778 quin
1348 717 1674 776 magnanimus
1702 716 1843 777 ipsius

453 792 635 837 animus
658 791 808 837 ultum
829 792 883 836 iri
909 791 1162 854 aliquando
1181 829 1192 850 ,
1215 793 1250 837 si
1275 793 1462 837 daretur
1487 792 1811 855 opportunitas
1829 827 1840 848 ,

453 869 745 925 intenderet,
773 868 1192 930 quemadmodum,
1220 869 1420 913 emensis
1447 868 1748 930 postmodum
1770 868 1845 913 ali-

453 955 570 1007 quot
607 945 738 990 annis
760 980 770 999 ‚
806 946 984 989 cunctis
1012 944 1163 1007 palam
1193 945 1368 1001 effecit,
1411 945 1468 989 de
1504 961 1599 1006 quo
1629 960 1712 989 suo
1740 944 1842 988 loco

453 1021 500 1066 in
525 1021 827 1083 sequentibus
851 1021 1025 1083 aliquid
1046 1022 1422 1084 perstringemus.

523 1098 670 1155 Unde,
698 1098 969 1143 intermissis
990 1114 1242 1161 parumper
1266 1097 1336 1141 his
1364 1097 1622 1158 Anglicanis
1646 1096 1843 1141 seditio-

455 1174 592 1219 nibus
615 1184 660 1218 et
685 1173 858 1230 turbis,
885 1173 943 1219 ad
980 1191 1051 1219 res
1074 1178 1360 1219 Francorum
1393 1173 1744 1235 prosequendas
1772 1190 1843 1219 re-

457 1259 708 1295 vertamur.

923 1422 1259 1465 CAPITULUM
1295 1424 1368 1466 IV.

454 1546 589 1589 Quibus
606 1545 832 1577 hortamentis
850 1554 1035 1589 quaestores
1051 1546 1135 1590 regii
1148 1546 1294 1591 aggressi
1311 1555 1390 1579 sunt
1401 1547 1625 1588 Vasconiam,
1640 1556 1675 1579 ut
1692 1546 1846 1579 militiam

501 1604 601 1636 simul
618 1612 649 1636 et
666 1604 833 1636 tributum
853 1616 917 1649 pro
937 1604 1042 1636 tutela
1061 1604 1179 1649 patriae
1196 1616 1263 1637 suae
1281 1606 1482 1647 tolerarent3
1501 1613 1531 1637 et
1553 1605 1596 1637 de
1612 1604 1765 1650 ipsorum
1785 1603 1848 1637 de—

501 1663 655 1695 fensione
672 1663 707 1695 in
727 1663 953 1697 contrarium.

523 1785 774 1844 Postquam
800 1782 937 1843 igitur
956 1783 1073 1844 pulsi
1099 1782 1285 1827 fuerunt
1310 1783 1481 1844 Anglici
1505 1800 1557 1827 ex
1583 1783 1843 1844 Aquitania,

457 1869 502 1904 et
523 1859 620 1921 ipsa
640 1868 737 1903 tota
754 1859 799 1902 in
818 1859 934 1920 regis
950 1861 1234 1902 Francorum
1251 1859 1476 1912 ditionem
1492 1858 1676 1904 redacta
1692 1896 1701 1914 ,
1720 1875 1846 1904 anno

459 1935 647 1979 Domini
671 1950 912 1991 MCCCCL1.,
952 1935 1082 1979 initio
1114 1934 1305 1996 quidem
1340 1936 1448 1980 satis
1476 1934 1676 1996 benigne
1709 1946 1847 1996 atque

457 2011 723 2056 humaniter
747 2011 908 2073 populi
936 2011 1117 2055 illarum
1153 2021 1380 2056 terrarum
1416 2012 1596 2057 tractati
1633 2012 1844 2069 fuerunt,

458 2097 518 2144 et,
542 2086 943 2149 quemadmodum
965 2087 1029 2131 eis
1052 2087 1328 2149 promissum
1348 2088 1597 2143 exstiterat,
1618 2087 1793 2133 atalliis
1804 2098 1847 2133 et

458 2164 662 2209 collectis
694 2164 959 2225 caeterisque
995 2164 1191 2224 angariis
1218 2164 1368 2226 primo
1395 2180 1521 2209 anno
1553 2164 1813 2209 abstentum
1835 2201 1844 2218 ,

459 2258 560 2303 quae
583 2241 628 2285 in
651 2240 750 2285 aliis
770 2240 896 2301 regni
922 2239 1130 2302 partibus
1152 2256 1340 2284 cursum
1360 2240 1456 2301 jam
1481 2257 1563 2303 per
1583 2257 1731 2285 annos
1752 2240 1849 2302 plu-

460 2318 622 2372 rimos,
646 2316 767 2379 proh
787 2313 949 2361 dolor!
979 2315 1238 2361 habuerant
1267 2325 1309 2360 et
1334 2316 1475 2361 callos
1495 2316 1848 2378 quodammodo

460 2393 769 2438 obduxerant.
799 2391 889 2436 Sed
914 2392 1173 2437 invidentes
1197 2403 1239 2437 et
1258 2392 1532 2454 spoliatores
1556 2402 1601 2438 et
1615 2401 1849 2437 exactores

460 2468 586 2530 regni
621 2477 756 2513 tantae
778 2484 943 2512 eorum
973 2467 1173 2512 felicitati
1213 2483 1267 2512 ac
1304 2467 1529 2526 libertati,
1571 2467 1735 2512 callide
1770 2482 1850 2512 eos

459 2545 517 2590 ad
541 2544 737 2589 similem
761 2544 958 2588 aliorum
980 2543 1247 2588 servitutem
1271 2543 1503 2590 adducere
1530 2543 1844 2598 conabantur3

460 2632 505 2666 et
544 2621 749 2666 colorem
784 2622 1099 2683 exquirentes,
1127 2620 1213 2665 sul)
1246 2637 1342 2682 quo
1373 2638 1452 2665 eos
1482 2620 1772 2681 vectigalium
1806 2628 1849 2664 et

460 2696 760 2742 collectarum
785 2697 898 2759 jugo
929 2696 1156 2758 subjicere
1188 2706 1403 2759 possent,
1433 2697 1578 2742 tallias
1607 2698 1670 2741 eis
1696 2696 1847 2757 impo—

461 2788 570 2816 nere
587 2787 694 2815 cum
715 2772 850 2816 certis
873 2771 1249 2833 impositionibus
1267 2771 1548 2817 inchoarunt
1566 2790 1575 2815 :
1597 2779 1849 2816 asserentes
