2037 3442
350 324 425 360 280
732 315 1066 354 HISTORIARUM
1094 312 1273 350 CAROLI
1300 312 1369 348 VII

829 482 1166 526 CAP1TULUM
1198 481 1276 525 XI.

420 601 469 633 De
486 594 668 632 clementia
687 608 811 642 magna
833 595 931 628 ducis
946 594 1238 640 Burgundionum
1257 593 1302 628 ad
1321 592 1522 627 Gandenses
1540 605 1682 640 prorsus

876 653 986 688 victos
1002 662 1035 687 et
1054 653 1217 700 dejectOS.

416 754 507 801 Sed
529 753 786 818 prudenter
809 761 949 815 atque
973 752 1207 816 sapienter
1232 751 1399 797 nolens
1429 761 1524 797 tam
1548 752 1747 813 insigne,

352 841 447 878 tam
488 829 791 893 magnificum
824 839 1021 890 totoque
1050 828 1165 874 orbe
1195 828 1449 873 christiano
1488 828 1749 886 famosum,

352 907 583 971 oppidum
611 906 926 968 exstinguere,
966 904 1092 950 unde
1122 904 1209 950 sibi
1232 914 1277 950 et
1301 905 1394 950 suis
1418 905 1575 966 magni
1600 903 1753 950 hacte-

353 1001 442 1030 nus
466 994 605 1046 atque
630 982 797 1028 uberes
819 991 1137 1045 provenerant
1153 991 1198 1027 et
1212 998 1311 1027 non
1330 982 1536 1027 miliores
1554 982 1600 1026 in
1621 991 1757 1027 antea

352 1060 529 1105 fructus
556 1059 806 1104 obventuri
831 1058 1158 1122 sperabantur,
1206 1058 1324 1103 iram
1359 1057 1636 1120 temperavit
1666 1057 1757 1102 cle-

356 1137 558 1192 mentia,
596 1153 683 1182 nec
720 1145 869 1181 castra
901 1151 985 1181 sua
1017 1152 1043 1181 a
1074 1136 1230 1199 priore
1262 1135 1370 1180 loco
1405 1136 1577 1192 movit,
1604 1135 1756 1180 sedin

356 1213 556 1272 eisdem,
600 1210 767 1257 diebus
809 1211 1066 1273 aliquibus,
1104 1211 1332 1257 constitit.
1373 1211 1441 1255 Ad
1480 1227 1620 1273 quem
1653 1227 1760 1273 sup-

356 1289 500 1352 plices
539 1299 607 1347 et,
647 1288 860 1350 quamvis
892 1304 996 1333 sero
1044 1289 1274 1346 nimium,
1315 1287 1373 1333 de
1409 1287 1548 1333 rebus
1588 1296 1760 1332 temere

359 1368 595 1413 attentatis
619 1366 965 1430 poenitudinem
990 1376 1222 1428 gerentes,
1246 1366 1326 1428 qui
1350 1366 1443 1410 vivi
1466 1375 1757 1428 supererant,

360 1446 589 1490 miserunt
622 1444 798 1506 legatos
833 1444 1024 1489 veniam
1058 1444 1315 1506 precaturi,
1348 1442 1662 1505 ejusdemque
1694 1443 1763 1487 sui

361 1522 584 1585 principis
618 1520 989 1566 misericordiam
1010 1557 1020 1576 ‚
1048 1520 1243 1581 gratiam
1267 1536 1322 1564 ac
1352 1520 1759 1574 benevolentiam,

363 1608 413 1644 ut
445 1614 585 1660 super
619 1613 700 1641 eos
735 1611 838 1640 eam
872 1596 1098 1641 reducere
1135 1595 1430 1657 dignaretur,
1467 1595 1762 1658 postulaturi.

362 1678 514 1731 Quam
542 1675 737 1736 gratiam
761 1672 1232 1735 misericordiamque
1256 1673 1319 1717 eis
1334 1673 1589 1718 clementer
1609 1672 1767 1732 elargi-

365 1762 438 1797 tus
465 1754 572 1806 est¹,
601 1750 709 1795 data
735 1748 1010 1794 criminibus
1034 1749 1350 1810 indulgentia,
1377 1766 1481 1811 quae
1508 1765 1595 1794 nec
1619 1748 1762 1807 levia,

367 1847 453 1875 nec
483 1845 658 1892 pauca,
688 1827 770 1873 sed
796 1827 1065 1890 gravissima
1097 1837 1142 1872 et
1178 1826 1399 1890 perplura
1428 1827 1475 1871 in
1506 1826 1762 1884 incendiis,

368 1908 573 1954 caedibus
605 1917 650 1952 et
671 1907 873 1970 rapinis,
902 1904 1237 1963 seditionibus,
1263 1904 1602 1949 rebellionibus
1626 1914 1767 1966 atque

370 1985 471 2030 aliis
502 1985 637 2029 variis
677 1983 1013 2028 commiserant
1048 1982 1220 2027 modis.
1266 1985 1353 2027 Pro
1394 1981 1626 2026 nonnulla
1658 1998 1768 2027 vero

370 2062 657 2106 damnorum
689 2061 1106 2123 impensarumque
1138 2075 1164 2104 a
1200 2075 1246 2103 se
1287 2059 1334 2103 in
1379 2075 1433 2104 ea
1472 2057 1770 2120 expeditione

372 2140 597 2184 factarum
646 2152 974 2200 recompensa,
1023 2145 1343 2181 trecentorum
1387 2135 1513 2180 mille
1558 2135 1773 2180 leonun1²

373 2231 557 2261 summa
593 2214 825 2277 oppidum
851 2213 1118 2270 mulctavit,
1156 2212 1440 2274 abstulitque
1474 2212 1537 2257 eis
1576 2211 1649 2256 vel
1686 2228 1770 2274 pro

375 2308 460 2337 suo
498 2300 614 2336 nutu
649 2290 909 2335 decurtavit
939 2288 1178 2352 privilegia
1202 2288 1315 2333 olim
1341 2288 1400 2334 ab
1423 2288 1487 2333 eis
1514 2298 1768 2351 praetensa,

375 2378 419 2413 et
455 2366 707 2429 aliquando
734 2366 779 2410 vi
804 2365 959 2428 potius
997 2365 1068 2409 vel
1098 2375 1226 2409 metu
1266 2381 1292 2409 a
1326 2365 1418 2409 suis
1444 2374 1569 2409 retro
1602 2364 1775 2426 princi„

377 2445 540 2509 pibus,
565 2442 817 2489 comitibus
841 2442 1089 2498 Flandriae,
1108 2451 1312 2498 extorta,
1331 2458 1473 2504 quam
1494 2441 1643 2486 libero
1662 2457 1776 2485 con-

378 2540 515 2568 sensu
543 2538 595 2566 ac
616 2519 955 2566 rationabiliter
980 2519 1160 2564 indulta
1181 2539 1191 2578 3
1220 2535 1424 2581 quorum
1444 2518 1532 2563 sub
1553 2517 1771 2576 obtentu,

429 2657 466 2691 1.
500 2656 572 2689 Par
592 2652 627 2688 le
647 2652 753 2688 traite
784 2651 829 2687 de
860 2652 984 2688 Gavre
1008 2652 1068 2696 (31
1103 2648 1228 2696 juillet
1255 2651 1381 2695 1453)
1406 2648 1496 2685 dont
1524 2648 1706 2684 Matthicu
1730 2647 1776 2684 de

376 2714 518 2760 Coussy
542 2717 719 2758 rapporte
738 2710 772 2744 le
794 2718 892 2745 texte
906 2738 914 2753 ,
937 2709 1030 2745 dans
1049 2708 1257 2757 Godefroy,
1279 2721 1317 2757 p.
1343 2710 1416 2745 (557
1438 2716 1474 2744 et
1493 2708 1589 2744 suiv.

430 2773 468 2808 2.
500 2768 675 2807 Monnaie
693 2767 776 2803 d'or
794 2769 813 2803 a
830 2767 982 2817 l'estigie
1000 2767 1051 2803 du
1071 2767 1148 2803 lion
1169 2767 1214 2802 de
1233 2766 1407 2804 Flandre.
