2037 3442
678 273 820 307 LIBER
851 272 1067 307 TERTIUS.
1494 273 1567 307 407
1605 314 1607 318 f

173 356 298 401 cacia
321 365 462 417 atque
488 354 616 400 irrita
639 353 794 416 potius
819 352 1119 398 ducerentur.
1149 351 1240 396 Sed
1268 366 1357 397 nec
1388 351 1435 396 in
1461 351 1570 414 ipsis

175 431 352 477 ordinis
374 442 420 477 et
437 429 770 493 dispositionis,
793 444 878 474 nec
905 444 1103 473 annonae
1126 443 1212 473 nec
1235 443 1392 472 rerum
1410 442 1568 472 neces-

174 510 401 555 sariarum
423 508 482 553 ad
506 506 839 570 expugnandas
864 505 1001 550 urbes
1023 514 1102 550 aut
1127 504 1318 567 oppida,
1341 503 1435 549 ulla
1450 504 1569 549 ratio

174 595 254 630 aut
294 585 589 647 providentia
621 581 896 628 habebatur.
929 581 1062 626 Unde
1088 582 1248 643 paucis
1273 580 1438 625 diebus
1461 596 1571 625 cum

173 661 265 706 illic
284 662 531 719 stetissent,
551 661 738 722 frigore,
758 660 879 704 same
904 674 956 713 ac
976 658 1185 703 nuditate
1205 657 1423 713 confecti,
1451 658 1569 703 mul-

177 740 229 784 tis
260 755 424 785 eorum
447 753 589 800 parva
614 735 872 798 Anglorum
897 750 1039 779 manu
1063 734 1188 778 caesis
1213 742 1258 777 et
1280 732 1566 789 dilaceratis,

174 825 314 862 noctu
350 814 478 860 abire
508 823 552 859 et
577 827 949 875 quaquaversum
975 809 1107 854 fundi
1126 819 1172 854 et
1189 808 1396 871 disperdi
1421 808 1570 853 coacti

173 903 297 938 sunt.
332 895 544 948 Quorum
576 891 763 953 plurimi
795 890 855 935 ad
890 889 1057 934 domos
1082 903 1212 944 StlaS,
1247 894 1440 950 propter
1474 889 1571 930 An-

175 969 358 1031 glorum
382 978 585 1026 metum,
614 969 680 1013 ire
708 966 1093 1022 reformidantes,
1122 963 1343 1009 silvarum
1378 962 1571 1008 latibula

174 1046 438 1108 petierunt,
479 1044 632 1089 donec
679 1042 932 1104 Anglorurn
966 1056 1183 1104 proceres
1230 1039 1312 1101 qui
1356 1038 1571 1100 regendae

175 1123 425 1184 provinciae
442 1137 603 1166 curam
620 1129 938 1183 susceperant,
960 1134 1124 1163 eorum
1144 1116 1351 1162 miserati
1368 1132 1567 1173 errores,

175 1196 466 1258 generalibus
506 1196 839 1243 abolitionibus
873 1209 1281 1256 quorumcumque
1319 1192 1570 1238 criminum

176 1273 442 1335 publicatiS,
472 1274 670 1336 praestita
702 1289 786 1336 per
823 1288 904 1318 eos
929 1271 1262 1334 qualicumque
1290 1270 1538 1315 securitate
1556 1303 1567 1321 ‚

176 1349 352 1410 majore
377 1366 456 1394 eos
476 1366 527 1395 ex
554 1358 683 1413 parte
707 1348 766 1395 ad
790 1348 959 1394 domos
981 1363 1086 1393 suas
1109 1357 1388 1393 revocarunt
1410 1364 1418 1390 :
1444 1344 1573 1392 unde

174 1427 325 1490 patria
348 1437 454 1489 post
475 1437 519 1473 et
542 1427 746 1473 habitata
769 1435 814 1471 et
833 1425 954 1470 culta
978 1424 1250 1488 permansit.

239 1505 342 1549 Fuit
376 1514 532 1550 autem
548 1543 559 1564 ,
596 1515 643 1550 et
684 1504 847 1550 iisdem
888 1519 1036 1566 prope
1076 1499 1395 1564 temporibus,
1434 1499 1571 1545 simul

176 1581 391 1642 quaedam
428 1582 714 1644 populorum
751 1580 887 1625 turba
922 1580 968 1624 in
1005 1577 1175 1623 finibus
1210 1576 1353 1622 Vallis
1382 1576 1518 1622 Viriae
1539 1578 1568 1634 ¹,

176 1667 366 1703 auctore
384 1668 700 1719 cognomento
719 1659 936 1720 Boquier.
962 1655 1144 1717 Ubique
1163 1654 1289 1699 enim
1310 1670 1393 1716 per
1408 1669 1572 1698 omnes

178 1734 474 1779 Norinanniae
496 1734 742 1791 terminos,
766 1733 825 1778 ab
846 1733 1097 1794 Anglorum
1122 1728 1439 1793 praedonibus,
1464 1728 1572 1774 licet

178 1811 468 1872 provinciam
499 1811 587 1856 sub
612 1828 696 1857 suo
726 1810 925 1874 imperio
959 1808 1211 1871 Anglorum
1243 1822 1323 1852 rex
1348 1805 1568 1863 haberet,

177 1886 295 1932 adeo
327 1889 491 1951 populi
517 1888 806 1934 vexabantur
834 1887 1029 1950 rapinis,
1057 1883 1259 1931 caedibus
1289 1899 1342 1928 ac
1380 1882 1573 1927 diversis

178 1962 422 2008 calumniis
455 1974 593 2027 atque
627 1965 828 2027 injuriis,
860 1974 907 2009 ut
940 1962 1227 2026 impatientia
1259 1960 1491 2006 malorum
1527 1969 1572 2005 et

180 2037 322 2083 toedio
340 2048 433 2084 tam
456 2040 688 2086 diuturnae
708 2039 1067 2102 inquietudinis,
1090 2037 1228 2083 veluti
1246 2036 1573 2099 desperatione

179 2115 355 2174 salutis,
381 2117 440 2161 ad
464 2117 578 2163 tales
610 2118 972 2163 insurrectiones
997 2125 1161 2162 contra
1195 2114 1411 2176 Anglicos
1436 2129 1572 2174 urge-

180 2202 378 2239 rentur:
406 2194 638 2254 studiose,
680 2205 731 2240 ut
770 2195 994 2249 diximus,
1030 2194 1090 2239 ad
1120 2193 1212 2239 hoc
1250 2190 1573 2238 annitentibus

181 2270 332 2333 impiis
369 2271 624 2332 Anglorum
661 2273 761 2335 (qui
799 2272 1095 2318 vetustissimi
1134 2281 1180 2317 et
1215 2268 1572 2333 quodammodo

180 2347 412 2393 naturales
434 2347 555 2393 illius
578 2357 708 2394 terrae
731 2358 776 2394 et
793 2349 953 2413 populi
976 2349 1131 2394 hostes
1154 2364 1252 2393 esse
1275 2345 1570 2407 creduntur),

181 2433 232 2469 ut
255 2425 487 2486 majorum
510 2427 779 2489 rapinarum
804 2436 943 2489 atque
973 2425 1175 2481 caedum,
1202 2424 1262 2471 ad
1286 2440 1369 2470 sua
1391 2433 1572 2470 exsatu-

180 2501 326 2546 randa
347 2502 477 2560 odia,
499 2504 766 2549 occasiones
785 2504 1132 2566 conquirerent.
1159 2502 1251 2548 Sed
1272 2501 1412 2562 hujus
1427 2500 1574 2546 turbae

180 2578 226 2623 in
254 2579 458 2626 Vallibus
479 2580 613 2625 Viriae
637 2581 863 2644 impetum
891 2580 1178 2644 compescuit
1192 2579 1384 2641 quidam
1407 2580 1573 2641 Anglo-

234 2753 270 2788 ¹1.
303 2754 353 2787 Le
370 2752 436 2788 Val
458 2752 504 2788 de
521 2752 623 2800 Vire,
644 2753 728 2803 plus
748 2753 814 2790 bas
838 2757 964 2789 Valles
988 2758 1099 2789 Viriae
1117 2782 1126 2798 ,
1149 2752 1202 2789 les
1225 2753 1329 2788 Vaux
1351 2750 1397 2787 de
1416 2750 1516 2788 Vire.
