2037 3442
398 325 471 360 28⁶2
620 374 636 379 A
776 324 1111 360 HISTORIARUM
1138 324 1316 360 CAROLI
1344 327 1412 361 vu

399 406 577 468 pulatio
602 410 864 450 consecutae
881 415 1006 449 sunt.
1026 408 1080 450 Et
1106 406 1185 463 ita,
1213 405 1381 451 eodem
1400 422 1530 468 paene
1555 414 1788 469 tempore,

395 482 443 526 in
472 480 652 526 duabus
669 480 797 542 regni
821 483 1110 527 Francorum
1129 482 1381 544 Galliaeque
1399 483 1788 542 extremitatibus,

396 557 500 601 duze
528 555 757 619 przeclarae
780 556 921 602 urbes
944 557 1227 620 Burdegala,
1253 575 1414 603 versus
1438 559 1681 622 Hispanias
1699 593 1710 615 ,
1750 568 1794 603 et

395 632 698 690 Gandavum,
733 633 780 677 in
809 632 1028 679 Flandria
1053 651 1213 679 versus
1251 635 1549 694 Germanias,
1584 635 1725 680 armis
1747 644 1793 679 et

397 710 532 755 variis
556 710 899 756 calamitatibus
918 710 1099 756 afflictae
1116 711 1399 773 domitaeque
1421 711 1624 756 fuerunt.

460 786 833 850 implorasseque
859 788 907 832 in
937 804 1020 833 sua
1043 788 1306 834 calamitate
1330 787 1603 834 Gaudenses
1622 788 1790 845 Caroli,

394 866 683 909 Francorum
712 864 857 925 regiS,
885 874 1049 909 contra
1075 865 1337 927 principem
1363 882 1501 910 suum
1523 865 1763 928 praefatum
1781 901 1792 923 ,

394 941 618 986 auxilium
651 941 975 1004 justitiamque
1007 958 1163 1001 suam,
1204 952 1427 1004 tanquam
1462 943 1670 1005 supremi
1706 941 1793 986 do-

396 1017 533 1075 mini,
561 1018 803 1080 expetiisse
829 1034 883 1063 ac
913 1018 1161 1080 requisisse
1202 1018 1488 1078 ferebantur,
1516 1018 1717 1081 plurima
1748 1034 1795 1063 se

395 1093 644 1139 offerentes
658 1094 877 1139 facturos.
897 1094 986 1140 Sed
1004 1111 1102 1153 rex,
1123 1094 1256 1152 dum,
1274 1104 1325 1140 ut
1338 1094 1558 1154 diximus,
1573 1095 1795 1140 adversus

396 1170 566 1231 Anglos
610 1171 657 1215 in
696 1171 947 1233 Aquitania
986 1180 1243 1234 occupatus
1286 1181 1428 1227 esset,
1479 1187 1559 1216 eos
1603 1171 1796 1216 minime

395 1248 653 1307 exaudivit,
682 1265 768 1294 nec
795 1248 854 1294 de
877 1265 1042 1294 eorum
1067 1249 1304 1294 simultate
1323 1259 1489 1295 contra
1510 1266 1649 1295 suum
1674 1249 1795 1311 prin-

394 1324 547 1386 cipem
577 1342 624 1370 se
660 1325 755 1370 ullo
775 1335 913 1388 pacto
946 1326 1257 1371 intromittere
1282 1327 1502 1372 curavit1.
1538 1329 1642 1371 Non
1670 1325 1796 1370 enim

393 1402 607 1463 querelas
629 1401 904 1463 hujusmodi
938 1412 1104 1448 contra
1134 1420 1242 1448 suos
1274 1404 1525 1466 principes,
1557 1403 1641 1448 etsi
1678 1403 1797 1447 forte

394 1478 650 1539 aliquando
687 1478 863 1525 subditi
909 1497 1007 1526 non
1044 1481 1212 1542 injuste
1252 1481 1608 1543 aggrediuntur,
1645 1490 1797 1543 gratas

396 1554 494 1601 fore
515 1555 703 1617 regibus
726 1566 807 1601 aut
824 1557 1035 1618 tyrannis
1058 1556 1298 1603 multoties
1322 1567 1620 1621 compertum
1645 1567 1713 1603 est

867 1755 1204 1799 CAPITULUM
1240 1756 1339 1799 XII.

434 1885 625 1929 Quomodo
657 1886 803 1921 Carolus
833 1900 893 1921 rex
920 1888 965 1921 ad
995 1888 1216 1935 delphinum,
1244 1889 1355 1923 filium
1382 1902 1497 1929 suum,
1527 1888 1762 1935 castigandum

572 1945 787 1991 Lugdunum
806 1948 978 1992 perrexit;
997 1957 1029 1981 et
1049 1947 1092 1981 de
1108 1948 1262 1993 ejusdem
1281 1948 1438 1995 delphini
1455 1949 1624 1983 moribus.

460 2078 655 2124 Carolus
691 2089 848 2125 autem
883 2097 986 2140 rex,
1020 2097 1154 2136 cum,
1193 2080 1348 2137 finita,
1391 2079 1796 2142 quemadmodum

396 2155 716 2217 praediximus,
737 2173 820 2202 sua
840 2158 1111 2218 Aquitanica
1135 2157 1450 2219 expeditione,
1480 2157 1527 2202 in
1554 2159 1796 2203 Franciam

398 2234 686 2291 revertisset,
713 2234 773 2279 ad
801 2235 1124 2298 castigandum
1156 2233 1306 2279 filium
1332 2251 1471 2279 suum
1503 2235 1796 2298 primogeni-

397 2319 497 2354 tum
530 2310 821 2356 Ludovicum
857 2328 904 2357 se
942 2312 1189 2359 convertit.
1219 2315 1327 2358 Erat
1357 2312 1484 2357 enim
1509 2313 1555 2357 in
1580 2329 1668 2358 suo
1698 2313 1797 2359 del-

449 2484 485 2518 ²1.
514 2482 602 2520 Cela
630 2482 728 2521 n'est
756 2498 823 2534 pas
852 2493 985 2531 exact,
1016 2485 1177 2535 puisque
1206 2485 1241 2521 le
1272 2485 1329 2521 roi
1360 2498 1509 2535 envoya
1535 2487 1556 2522 a
1589 2485 1719 2533 Gand,
1751 2498 1797 2522 en

399 2543 520 2586 4452,
542 2555 594 2578 un
614 2541 808 2580 chevalier
834 2553 870 2581 et
893 2558 943 2580 un
966 2543 1098 2582 maitre
1118 2544 1183 2581 des
1211 2546 1385 2593 requetes
1415 2558 1507 2581 avec
1528 2544 1563 2581 le
1589 2557 1799 2594 procureur

397 2598 547 2647 general
567 2598 616 2636 du
637 2601 865 2650 pzuleinent,
885 2611 921 2640 et
939 2616 1013 2652 que
1033 2617 1101 2653 par
1124 2603 1353 2639 l’entreniise
1373 2602 1418 2639 de
1435 2617 1495 2640 ces
1513 2602 1800 2640 ambassadeurs

397 2669 448 2692 un
477 2657 633 2702 accord,
661 2660 725 2706 qui
753 2660 847 2698 dura
876 2663 962 2711 pres
994 2661 1084 2698 d'un
1113 2674 1158 2698 an
1175 2691 1184 2707 ,
1218 2661 1273 2697 fut
1304 2661 1460 2712 negocie
1486 2670 1592 2698 entre
1617 2661 1671 2698 les
1699 2663 1799 2698 Gan-

398 2717 467 2753 tois
497 2725 532 2753 et
565 2717 600 2753 le
629 2718 715 2755 duc.
742 2723 836 2768 Voy.
866 2722 1047 2759 Matthieu
1072 2722 1118 2758 de
1143 2723 1285 2769 Coussy
1310 2729 1346 2757 et
1374 2725 1534 2771 Jacques
1561 2721 1611 2757 (lu
1642 2720 1795 2768 Clercq,

401 2778 617 2821 Me'moires,
638 2775 660 2813 l.
679 2778 730 2823 II,
751 2778 811 2815 cli.
840 2792 933 2814 xvn.
