2037 3442
719 254 865 289 Lissa
893 255 1116 300 QUINTUS.
1553 260 1625 295 287

229 332 288 379 de
311 333 505 380 ecclesia
528 335 784 380 Morinensi
818 335 878 380 ad
909 337 1247 398 Trajectensem
1269 351 1570 400 promoverat
1589 344 1596 364 ¹
1613 378 1625 399 ⁷

228 409 408 455 nollent
442 411 755 473 Trajectenscs
791 413 1022 474 recipere,
1067 423 1116 458 ut
1150 430 1231 459 eos
1268 414 1329 460 ad
1362 417 1628 478 parendum

228 490 498 552 apostolicis
523 489 721 535 decretis
738 526 749 548 ⁷
773 490 845 534 vel
869 491 962 534 suis
987 491 1145 552 potius
1168 491 1435 553 desideriis7
1464 495 1499 539 si
1520 512 1627 540 cum

228 580 343 627 pace
366 564 571 625 nollent,
596 567 768 610 invitos
803 574 848 609 et
878 566 1107 611 coercitos
1137 567 1407 614 adduceret,
1443 570 1628 617 Electus

228 658 399 704 nempe
424 659 546 688 unus
570 643 718 688 suerat
750 641 1027 704 praepositus
1065 643 1276 703 ejusdem
1301 645 1504 691 ecclesiae
1525 684 1535 704 ,
1570 664 1623 693 ex

227 719 420 780 antiqua
435 720 653 782 prosapia
670 718 976 763 dominorum
1001 717 1120 763 illius
1138 728 1286 777 terrae,
1307 733 1626 782 cognomento

226 794 475 852 Brerodffl,
512 796 587 839 cui
615 795 926 856 'l'rajectenses
961 803 1006 838 et
1030 795 1246 840 Frisones
1271 795 1472 841 multum
1496 798 1628 843 vide-

226 869 399 915 bantur
427 870 764 915 benevolentiae
787 886 840 915 ac
876 870 1044 915 favoris
1068 870 1359 933 impendere.
1392 875 1510 918 Cum
1543 890 1625 919 au-

226 956 319 991 tem
349 946 409 991 de
432 946 636 992 adventu
660 947 804 1009 ipsius
828 946 1050 1009 Delphini
1082 947 1208 992 idem
1236 950 1626 1010 Burgundionum

224 1023 319 1068 dux
344 1024 391 1069 in
416 1024 582 1081 Frisia,
606 1024 687 1069 ubi
710 1024 899 1086 agebat,
928 1024 1099 1069 certior
1122 1024 1279 1070 fuisset
1299 1026 1469 1085 factus,
1492 1044 1625 1073 man-

225 1100 352 1145 davit
375 1117 483 1145 eum
508 1101 638 1145 omni
661 1117 769 1146 cnm
793 1100 977 1145 honore
1002 1109 1143 1163 atque
1167 1101 1459 1148 humanitate
1482 1105 1624 1167 recipi

223 1192 307 1237 per
330 1192 439 1220 suos
463 1185 509 1221 et
531 1177 717 1222 tractari
735 1213 746 1235 ⁷
766 1186 812 1222 et
829 1187 881 1222 ut
903 1178 1002 1239 ejus
1024 1177 1229 1223 reditum
1249 1179 1308 1224 de
1334 1180 1476 1226 Frisia
1499 1183 1625 1245 apud

224 1252 486 1298 Bruxellam
521 1255 790 1317 *operiretur
812 1290 823 1312 ‚
870 1254 1152 1318 interimque
1189 1255 1274 1301 sibi
1315 1274 1625 1323 quaecumque

222 1345 320 1374 non
367 1330 515 1375 modo
558 1331 847 1391 necessitati,
889 1331 971 1377 sed
1007 1332 1237 1395 voluptati
1276 1350 1374 1379 esse
1406 1347 1620 1398 possent,

223 1406 509 1469 amplissime
532 1408 800 1454 ministrari.

286 1485 597 1530 Postmodum
622 1503 733 1531 vero
756 1501 969 1531 reversus
989 1485 1115 1531 idem
1139 1485 1233 1531 dux
1266 1486 1325 1531 de
1349 1487 1492 1533 Frisia
1509 1525 1520 1547 ⁷
1549 1506 1624 1535 re-

220 1561 307 1606 bus
350 1577 438 1624 pro
474 1560 645 1623 quibus
686 1561 766 1606 illo
808 1561 956 1607 fuerat
994 1561 1230 1624 profectus
1265 1564 1539 1625 compositis
1577 1575 1623 1610 et

219 1638 447 1702 peractis,
481 1654 591 1683 cum
624 1647 864 1683 tantorum
896 1638 1184 1684 exhibitione
1215 1638 1459 1685 bonorum'
1491 1657 1622 1686 eum-

220 1715 328 1761 dem
349 1715 599 1761 dominum
623 1714 909 1777 Delphinum
935 1715 1115 1778 excepit
1138 1725 1183 1760 et
1202 1717 1430 1761 reveritus
1457 1727 1546 1776 est,
1575 1728 1624 1763 ut

220 1809 317 1837 non
352 1791 485 1837 facile
509 1792 697 1837 mortali
721 1792 858 1837 alicui
887 1792 1089 1854 principi
1113 1792 1343 1855 ampliora
1367 1794 1471 1854 quis
1493 1794 1624 1839 exhi-

220 1868 332 1914 bere
354 1879 529 1932 posset.
558 1872 666 1914 Erat
687 1869 812 1914 enim
837 1879 1004 1914 natura
1031 1869 1307 1932 magnificus
1330 1879 1376 1916 et
1399 1870 1624 1919 honesta—

221 1946 301 2004 tis,
328 1956 430 1991 tum
456 1946 515 1992 ad
540 1963 703 1992 omnes
738 1957 839 1992 tum
870 1948 1072 1993 maxime
1095 1948 1155 1993 ad
1185 1964 1382 2009 magnos
1417 1959 1463 1994 et
1498 1951 1624 1997 illus-

222 2032 340 2081 tres,
369 2022 837 2081 observantissimus3
873 2024 1000 2070 unde
1032 2041 1278 2087 nunquam
1307 2025 1367 2070 ad
1401 2027 1619 2074 eumdem

221 2098 470 2144 dominum
491 2098 780 2161 Delphinum
806 2100 890 2162 (eo
915 2100 1047 2163 quod
1074 2102 1414 2164 primogenitus
1438 2102 1618 2149 domini

221 2175 289 2220 sui
325 2178 611 2220 Francorum
648 2176 766 2238 regis
801 2186 923 2234 erat,
951 2186 996 2222 et
1030 2179 1134 2240 qui⁷
1163 2188 1346 2224 servato
1377 2182 1621 2226 communi

221 2251 389 2296 ordine
411 2261 588 2296 naturae
605 2289 615 2309 ,
643 2251 853 2313 ejusdem
875 2252 1021 2298 haeres
1042 2264 1110 2312 et,
1143 2271 1227 2318 per
1252 2255 1345 2301 hoc
1361 2294 1371 2314 ‚
1398 2257 1621 2303 dominus

221 2345 332 2373 suus
374 2328 555 2374 futurus
603 2329 911 2392 sperabatur)
954 2333 1147 2377 accessit
1187 2332 1259 2377 vel
1299 2333 1485 2379 locutus
1529 2344 1617 2393 est,

220 2405 324 2459 nisi,
355 2421 463 2450 cum
485 2405 811 2467 genuflexione
830 2407 1002 2469 praevia
1024 2445 1034 2465 ,
1061 2419 1199 2471 caput
1227 2409 1367 2455 etiam
1389 2411 1618 2457 nudatum

221 2481 427 2527 haberet.
453 2481 755 2528 Existimabat
779 2483 905 2527 enim
923 2521 935 2538 ‚
952 2484 1083 2546 juxta
1105 2487 1383 2531 sententiam
1410 2488 1620 2551 philoso-

272 2659 310 2694 ’1.
340 2656 484 2702 David,
505 2656 651 2706 echue
673 2657 891 2706 d’Utrecht‚
913 2659 987 2696 ami
1007 2659 1226 2709 particulier
1245 2660 1292 2698 de
1309 2661 1470 2700 Thomas
1490 2664 1615 2700 Rasin,

274 2718 310 2751 2.
345 2715 491 2753 Gifficrt
511 2716 556 2753 dc
576 2717 803 2754 Brederodv.
