2037 3442
696 292 839 326 LIBER
874 290 936 337 QU
944 290 1113 326 ARTUS.
1536 290 1612 326 205

213 370 493 416 nominatim
516 370 910 434 comprehensus,
934 379 1098 416 neutra
1123 385 1227 433 pars
1243 370 1289 414 in
1311 386 1419 415 eum
1437 371 1612 434 aliquid

213 448 382 494 hostile
405 457 661 509 attentans,
689 466 715 494 a
750 459 945 512 ruptura
979 459 1023 494 et
1056 447 1310 494 violatione
1344 457 1610 511 treugarum

215 541 263 569 se
285 523 621 569 rationabiliter
644 541 862 570 excusare
885 525 1127 587 potuisset.

280 602 387 645 Haec
410 600 547 661 igitur
565 601 647 646 fuit
672 600 919 664 represalia
938 617 1019 645 seu
1036 602 1301 663 pignoratio
1325 601 1498 664 prima,
1523 618 1612 664 pro

216 685 409 739 captura
432 677 594 739 oppidi
614 678 818 740 prwdicti
842 677 900 722 de
923 676 1171 738 Fulgeriis‚
1197 677 1397 738 Anglicis
1414 679 1613 724 reddita.

217 756 274 797 Et
303 754 340 797 si
363 753 556 815 quidem
581 755 736 800 adhuc
771 755 857 817 ipsi
886 754 1086 816 Anglici,
1128 769 1337 799 errorem
1362 771 1500 800 suum
1534 773 1615 801 co-

218 840 522 892 gnoscenteS‚
571 832 932 877 satisfactionem
972 830 1145 892 justam
1189 846 1276 893 pro
1318 846 1403 875 suo
1448 831 1617 893 injuste

219 915 445 951 attentato
485 907 668 952 realiter
703 906 1007 964 obtulissent,
1050 905 1285 951 ferebatur
1323 908 1611 953 Francorum

220 999 375 1045 regem
416 1001 470 1028 ex
506 993 638 1046 parte
672 1000 754 1028 sua
790 982 1151 1028 satissactionem
1180 982 1377 1044 Anglicis
1407 981 1577 1029 offerre
1599 1021 1610 1042 ‚

220 1070 497 1121 treugasque
523 1076 669 1122 usque
699 1059 758 1104 ad
794 1058 1010 1103 ultimum
1038 1074 1204 1104 eorum
1245 1059 1498 1104 terminum
1535 1078 1615 1106 vo-

220 1136 359 1182 luisse
382 1153 581 1182 servare.

683 1281 1017 1324 CAPITULUM
1050 1282 1147 1324 XV.

339 1390 494 1431 Qualiter
510 1391 662 1425 Conchis
679 1399 710 1424 et
726 1391 933 1424 vernolium
949 1403 1012 1437 per
1030 1392 1182 1424 Francos
1200 1400 1337 1436 recepta
1355 1393 1505 1426 fuerunt.

288 1494 380 1540 Sed
405 1511 514 1540 cum
551 1494 810 1556 Anglorum
849 1492 1069 1557 superbia
1098 1503 1238 1556 atque
1270 1496 1462 1540 avaritia
1492 1495 1552 1541 ad
1576 1496 1622 1541 id

224 1571 416 1616 minime
436 1572 557 1616 flecti
580 1580 797 1634 possent,
827 1586 923 1615 non
949 1586 1005 1615 eo
1028 1586 1176 1631 usque
1207 1570 1450 1617 dumtaxat
1478 1575 1625 1618 Fran-

223 1666 389 1695 corum
412 1649 630 1711 quievere
647 1658 858 1693 conatus.
882 1648 1132 1710 Floquetus
1147 1684 1157 1704 ,
1182 1648 1263 1710 qui
1280 1647 1395 1693 alter
1410 1666 1465 1695 ex
1487 1652 1625 1695 Fran-

224 1742 388 1772 corum
411 1725 585 1770 militiae
608 1724 807 1769 ducibus
837 1724 896 1769 ad
931 1724 1193 1769 custodiam
1222 1725 1419 1770 civitatis
1451 1725 1628 1770 Ebroi-

225 1803 374 1848 censis
397 1803 690 1865 capitaneus¹
707 1812 822 1859 erat,
847 1810 1036 1846 centum
1057 1800 1237 1846 habens
1257 1801 1441 1847 lanceas
1466 1801 1552 1847 sub
1579 1819 1627 1848 se

225 1879 656 1925 strenuissimorum
691 1878 941 1933 militum2,
971 1876 1250 1940 oppidulum
1281 1878 1512 1924 Conchis3
1540 1895 1627 1941 per

228 1957 533 2002 industriosas
567 1956 815 2019 occupavit
850 1953 1052 1999 insidias.
1094 1954 1277 2000 Deinde
1310 1955 1482 2013 etiam,
1525 1973 1624 2001 non

228 2033 385 2077 multis
404 2032 603 2078 subinde
622 2032 828 2077 decursis
845 2030 1033 2087 diebus,
1057 2030 1259 2076 factione
1286 2032 1425 2077 unius
1454 2032 1629 2078 multo-

229 2110 349 2154 1·um''
367 2109 471 2171 qui,
504 2109 635 2170 juxta
659 2117 844 2171 portam
867 2110 906 2152 V
911 2106 1074 2153 ernolii
1096 2144 1107 2166 ‚
1132 2107 1179 2152 in
1208 2107 1418 2170 quodam
1449 2109 1631 2154 molen-

286 2229 322 2265 1.
352 2227 383 2263 Il
406 2228 486 2264 saut
506 2225 674 2263 traduire
696 2226 817 2262 bailli.

284 2289 320 2323 ⁹2.
355 2287 385 2323 Il
418 2288 506 2324 etait
537 2287 688 2324 devenu
714 2287 795 2323 l'un
823 2286 888 2323 des
918 2285 1122 2336 capitaines
1149 2285 1214 2323 des
1242 2286 1484 2336 compagines
1516 2286 1631 2338 regu-

230 2346 341 2384 lieres
364 2347 455 2384 dont
474 2347 713 2384 l'institution
732 2360 753 2383 a
774 2347 831 2383 ete
856 2346 1056 2397 rapportee
1079 2345 1284 2383 ci-dessus.

286 2409 321 2442 3.
350 2406 537 2452 Conches‚
564 2405 806 2452 aujourd⁷hui
827 2404 918 2441 dans
939 2405 974 2441 le
996 2404 1259 2455 departement
1279 2405 1326 2441 de
1349 2405 1491 2443 l’Eure.

286 2468 323 2502 «ί,
359 2484 376 2500 α
398 2466 636 2512 Vernolium,
662 2465 758 2502 infra
776 2465 1017 2502 Normanniae
1037 2464 1231 2512 terminos,
1255 2465 1292 2500 in
1313 2465 1497 2514 prsesidiis
1514 2466 1634 2502 Fran—

232 2525 298 2560 cize
318 2534 595 2573 constructum,
615 2526 774 2562 circuitu
800 2538 994 2562 murorum
1021 2524 1314 2574 amplissimum,
1336 2524 1501 2561 aedificiis
1523 2532 1635 2561 tenue

233 2585 441 2634 repletum,
473 2586 560 2623 satis
592 2586 687 2622 forte
709 2594 872 2622 castrum
902 2594 938 2621 et
972 2584 1259 2622 munitissimam
1290 2585 1423 2622 turrim
1450 2585 1632 2622 continet.

235 2648 277 2680 In
298 2644 413 2681 fossas
442 2645 679 2682 diversorum
706 2644 866 2681 fontium
892 2644 1006 2680 rivuli
1042 2644 1171 2691 jocoso
1211 2657 1405 2681 murmure
1435 2643 1635 2692 labuntur3

238 2704 374 2742 deinde
400 2717 500 2753 aqua
528 2704 719 2755 profluens
746 2716 814 2754 per
833 2703 932 2740 muri
964 2703 1189 2751 fenestram,
1211 2703 1308 2741 infra
1335 2704 1503 2741 vernolii
1531 2705 1637 2742 clau-

237 2777 363 2800 suram
391 2774 564 2815 stagnum
590 2772 671 2800 arte
697 2764 910 2801 confectum
933 2763 1089 2814 implet,
1118 2772 1154 2801 et
1177 2772 1303 2811 extra,
1331 2763 1440 2811 juxta
1471 2764 1610 2801 moenia
1626 2792 1635 2809 ‚
