2037 3442
717 257 862 291 LIBER
896 256 1117 301 QUINTUS.
1546 256 1618 291 :303

645 426 981 469 CAPITULUM
1016 426 1176 468 XVIII.

243 548 347 591 Quod
370 548 516 593 dejectio
534 548 673 582 Ilenrici
689 555 721 580 et
736 547 914 592 provectio
936 546 1092 579 Edoardi
1107 574 1113 589 7
1130 556 1297 591 quantum
1315 556 1409 591 grata
1430 548 1488 580 suit
1515 547 1595 580 duci

382 606 604 652 Burgundiae,
619 615 752 639 tautum
775 607 918 646 carolo,
937 606 1008 650 regi
1029 607 1259 649 Francorum,
1283 607 1456 640 luctuosa.

284 720 406 776 Quin
431 728 586 767 autem
610 718 868 781 plurimum
892 717 1047 778 gaudii
1071 717 1330 779 laetitiaeque
1353 727 1395 762 et
1419 719 1618 779 gratula-

216 797 356 841 tionis
390 812 443 841 ea
483 795 670 839 Henrici
710 793 907 854 dejectio
948 793 1055 838 duci
1094 793 1483 855 Burgundionum
1502 828 1513 850 ⁷
1544 797 1616 839 cui

218 872 353 917 valde
377 872 523 917 fausta
541 871 733 932 contigit
753 907 763 927 ,
782 869 947 915 afferre
971 870 1181 932 potuerit
1204 870 1310 932 (qui
1330 886 1495 915 eorum
1517 887 1618 932 qua*

218 958 380 993 contra
398 964 445 993 se
460 946 806 1010 apparabantur
822 947 1008 1007 ignarus
1027 947 1219 991 minime
1238 945 1522 1008 exsistebat),
1542 964 1620 992 ne-

219 1026 331 1070 mini
359 1025 567 1088 profecto
590 1023 861 1085 ambiguum
886 1039 984 1068 esse
1016 1022 1185 1080 debet;
1213 1023 1295 1068 sed
1327 1039 1423 1067 nou
1462 1024 1617 1068 minus

216 1101 367 1147 luctus
403 1111 542 1164 atque
584 1100 808 1146 moestitiae
840 1099 1035 1156 carolo,
1076 1103 1365 1145 Francorum
1402 1101 1522 1162 regi,
1564 1118 1615 1146 ea

214 1178 430 1234 Henrici‚
460 1177 644 1240 nepotis
671 1177 741 1222 sui
763 1213 774 1235 ‚
811 1186 854 1221 et
880 1176 1092 1238 conjugis
1122 1193 1237 1233 suae,
1270 1176 1424 1240 neptis
1456 1177 1616 1222 itidem

213 1271 322 1313 suae,
338 1254 574 1299 calamitas
588 1270 641 1299 ac
659 1253 856 1315 dejectio
875 1253 1166 1314 ingerebant.
1186 1254 1271 1298 Cui
1289 1255 1429 1299 etiam
1445 1254 1615 1299 Carolo

211 1330 309 1391 regi
348 1330 569 1375 adversus
610 1329 833 1375 eumdem
867 1329 1037 1376 ducem
1082 1330 1474 1391 Burgundionum
1516 1347 1615 1376 am-

210 1406 331 1469 plius
356 1423 411 1451 ex
436 1406 528 1452 hoc
552 1406 874 1452 inardescebat
900 1406 1062 1451 odium
1080 1443 1091 1465 ‚
1118 1406 1248 1469 quod
1272 1407 1417 1470 ipsius
1441 1407 1614 1453 auxilio

211 1493 256 1528 et
280 1483 436 1528 favore
460 1492 639 1528 erectus
663 1492 782 1528 esset
814 1482 1058 1527 Edoardus
1075 1519 1086 1540 ‚
1114 1482 1371 1545 pulsusque
1396 1500 1541 1545 regno
1570 1494 1614 1530 et

210 1559 417 1620 dejectus
443 1559 670 1604 Henricus
688 1596 698 1616 ‚
726 1575 876 1622 nepos
901 1575 1037 1615 suus;
1065 1569 1109 1604 et
1132 1560 1261 1621 quod
1288 1559 1576 1622 Delphinum
1597 1597 1608 1618 ‚

209 1634 308 1695 ejus
332 1633 478 1679 filium
494 1670 504 1690 ‚
532 1643 695 1680 contra
719 1651 856 1679 suum
880 1634 1104 1697 placitum
1128 1636 1406 1698 suscepisset
1430 1646 1474 1680 et
1498 1652 1613 1681 con-

210 1711 400 1756 foveret.
430 1711 538 1772 Ejus
563 1727 759 1774 nempe,
787 1720 838 1755 ut
864 1710 962 1772 jam
987 1710 1189 1756 diximus
1210 1748 1220 1766 ‚
1244 1712 1373 1774 pium
1401 1713 1612 1757 animum

208 1803 317 1848 erga
348 1803 397 1832 se
421 1786 661 1847 cognitum
693 1786 788 1848 jam
823 1786 935 1831 olim
962 1797 1355 1850 compertumque
1387 1788 1608 1834 habebat.

210 1863 344 1908 Unde
367 1863 490 1908 idem
529 1864 723 1909 Carolus
747 1880 824 1908 rex
845 1899 855 1921 ‚
895 1865 1086 1925 cognito
1111 1864 1241 1926 quod
1269 1865 1395 1910 idem
1421 1865 1542 1911 filius
1565 1867 1610 1911 in

209 1939 354 1985 domo
379 1940 657 2001 Burgundiae
692 1958 799 1986 cum
824 1951 956 1990 tanto
980 1941 1164 1987 honore
1187 1952 1409 2006 exceptus
1437 1953 1482 1988 et
1517 1954 1611 1989 tam

208 2017 454 2080 magnifice
475 2017 735 2064 honoratus
760 2019 879 2064 foret
900 2055 911 2076 ‚
944 2020 991 2064 in
1017 2018 1227 2065 finitimis
1251 2029 1481 2065 terrarum
1509 2038 1611 2066 sua-

208 2110 313 2138 rum
338 2093 603 2139 civitatibus
625 2102 670 2138 et
692 2095 905 2157 oppidis,
932 2095 1109 2158 ubique
1127 2096 1256 2157 juxta
1281 2096 1398 2142 fines
1423 2107 1461 2142 et
1490 2097 1610 2142 limi-

209 2180 274 2216 tes
299 2180 528 2215 terrarum
558 2171 836 2231 Burgundiae
871 2171 1032 2230 ducis,
1060 2173 1350 2218 munitiones
1382 2174 1608 2219 militum-

207 2264 299 2309 que
336 2263 530 2292 suorum
568 2247 783 2310 praesidia
819 2247 1093 2308 coilocavit‚
1135 2250 1389 2296 ostendens
1422 2251 1607 2312 qualem

207 2326 266 2370 de
289 2323 512 2387 praedicto
534 2322 629 2368 filio
654 2340 738 2369 suo
765 2332 905 2386 atque
928 2326 1344 2387 Burgundionibus
1366 2327 1610 2374 confiden-

208 2403 315 2447 tiam
342 2410 536 2463 gereret.

269 2477 361 2523 Sed
391 2494 416 2523 e
446 2477 631 2523 diverso
659 2477 757 2540 ipse
782 2478 1172 2539 Burgundionum
1201 2480 1295 2526 dux
1334 2481 1604 2546 Philippus,

205 2558 274 2600 vir
298 2554 505 2618 prudens
537 2564 582 2600 et
616 2554 974 2616 magnanimus,
1001 2556 1109 2602 licet
1146 2574 1171 2602 a
1198 2558 1379 2618 multis,
1410 2569 1459 2604 nt
1482 2560 1608 2605 idem

205 2633 374 2678 faceret
396 2632 444 2677 in
469 2632 563 2677 suis
587 2631 854 2677 civitatibus
879 2642 922 2678 et
946 2634 1151 2697 oppidis,
1172 2635 1363 2681 daretur
1385 2637 1471 2682 sibi
1492 2655 1607 2683 con-

204 2710 383 2767 silium,
423 2709 485 2773 id·
509 2709 657 2754 facere
693 2709 885 2754 minime
922 2711 1131 2771 curavi13
1173 2713 1408 2776 sapienter
1445 2715 1607 2778 ntique
