2142 3473
693 303 840 339 LIBER
867 301 1062 338 PRIMUS.
1527 299 1542 332 1
1553 298 1575 333 3

670 498 1002 543 CAPITULUM
1036 498 1093 542 V.

252 637 410 684 Direptio
429 646 463 671 et
485 637 658 672 calamitas
683 637 828 671 civitatis
853 637 1075 671 Suessionum
1090 663 1099 678 ‚
1120 634 1410 681 Burgundionum
1428 633 1510 668 duci

797 696 952 731 faventis

248 845 372 887 Inter
405 841 518 887 alias
554 858 664 887 vero
694 842 825 903 regni
860 840 1142 886 calamitates
1179 855 1276 884 non
1311 837 1581 884 omittamus

182 918 532 964 lamentabilem
549 934 710 964 casum
731 917 928 963 civitatis
951 916 1253 961 Suessionum
1276 913 1476 972 referre,
1503 928 1583 959 an-

184 996 321 1058 tiquae
341 994 533 1057 quidem
550 1005 690 1058 atque
715 993 1076 1058 opulentissimae
1100 991 1250 1050 urbis,
1274 1000 1320 1037 et
1342 1006 1446 1054 quae
1469 989 1583 1034 olim

184 1080 324 1134 caput
344 1079 389 1115 et
411 1070 545 1116 sedes
569 1070 698 1131 regni
718 1070 864 1115 fuerat
884 1068 1073 1114 alterius
1100 1066 1306 1111 filiorum
1332 1066 1452 1128 regis
1475 1065 1583 1111 Clo-

185 1147 362 1205 dovici‚
390 1148 529 1210 primi
550 1165 605 1193 ex
628 1151 914 1192 Francorum
943 1143 1129 1207 regibus
1163 1143 1420 1189 christiani.

239 1226 379 1269 Erant
395 1224 493 1285 ejus
508 1224 599 1269 loci
614 1225 735 1269 cives
747 1224 866 1268 inter
879 1231 1069 1267 caeteros
1083 1220 1239 1266 famati
1251 1222 1455 1284 partium
1472 1223 1584 1265 Bur-

186 1299 479 1361 gundionum
494 1301 772 1346 tenacissimi
783 1300 1067 1358 defensores,
1079 1307 1125 1343 et
1135 1299 1182 1343 in
1195 1315 1278 1345 sua
1295 1299 1479 1344 civitate
1489 1315 1587 1343 mu—

186 1376 414 1422 nitionem
446 1386 734 1422 armatorum
762 1376 819 1422 de
847 1375 1258 1438 Burgundionibus
1292 1386 1582 1440 receperant.

187 1455 303 1498 Cum
329 1462 485 1498 autem
513 1453 673 1499 militia
695 1462 985 1498 armatorum
1014 1448 1251 1514 regiorum
1275 1453 1421 1498 multa
1449 1453 1587 1498 nimis

188 1539 337 1575 castra
360 1529 482 1575 circa
510 1529 725 1574 eamdem
748 1530 980 1575 civitatem
1010 1545 1093 1591 per
1115 1529 1295 1590 aliquot
1321 1529 1418 1574 dies
1437 1530 1586 1576 locas-

189 1615 283 1661 set,
307 1615 569 1651 statuerunt
593 1606 780 1651 tandem
801 1643 810 1664 ,
849 1605 1048 1668 diruptis
1077 1605 1245 1651 ictibus
1278 1606 1588 1668 petrariarum

189 1682 446 1741 moenibus⁷
477 1682 684 1728 turribus
704 1692 749 1727 et
770 1682 1135 1746 propugnaculis
1151 1718 1162 1740 ‚
1189 1682 1249 1727 ad
1273 1683 1588 1728 munitionem

189 1760 279 1805 loci
303 1761 498 1822 paratis,
526 1775 630 1805 eam
656 1759 830 1804 viribus
854 1775 1144 1823 oppugnare.
1173 1761 1325 1814 Quam
1349 1776 1448 1805 rem
1478 1760 1590 1806 totis

191 1837 389 1898 aggressi
411 1835 586 1881 viribus
615 1846 755 1898 atque
779 1835 1023 1882 conatibus
1040 1871 1051 1893 ⁷
1086 1845 1130 1881 et
1159 1835 1296 1880 simul
1319 1836 1590 1899 eisdemque

192 1913 464 1973 momentis,
488 1914 535 1958 in
555 1913 693 1958 variis
713 1922 757 1958 et
777 1913 968 1958 diversis
982 1911 1191 1976 partibus
1213 1912 1410 1958 civitatis
1428 1951 1438 1973 ⁷
1465 1913 1590 1959 vallo

193 2000 237 2035 et
261 1990 492 2036 moenibus
515 1990 770 2053 superatis,
797 2006 901 2035 eam
925 1991 970 2035 vi
993 1999 1038 2035 et
1065 1989 1207 2035 armis
1230 2000 1587 2053 expugnarunt,

193 2068 318 2112 caesis
340 2077 439 2113 tum
465 2067 904 2131 Burgundionibus,
932 2078 977 2113 et
1008 2068 1248 2114 trucidatis
1279 2069 1460 2115 civibus
1493 2086 1594 2116 ma-

189 2143 282 2204 jori
305 2160 360 2189 ex
381 2155 533 2207 parte,
562 2146 660 2191 aliis
684 2145 730 2189 in
757 2145 1073 2208 captivitatem
1096 2144 1327 2192 abductis.
1356 2146 1478 2192 Urbs
1500 2148 1594 2193 ita-

195 2236 285 2281 que
306 2221 405 2283 ipsa
435 2231 542 2266 ante
565 2221 705 2283 longa
730 2230 854 2266 retro
877 2230 1008 2267 aetate
1031 2221 1203 2268 nobilis
1228 2232 1368 2285 atque
1394 2222 1594 2286 opulen—

196 2296 389 2354 tissima,
411 2297 457 2341 in
477 2297 634 2342 multis
654 2299 748 2342 suis
771 2296 976 2360 partibus
992 2309 1291 2345 concremata
1308 2309 1353 2344 et
1376 2299 1423 2344 in
1442 2309 1596 2344 totum

196 2372 377 2435 direpta
399 2382 443 2418 et
462 2373 785 2430 dehonestata,
799 2374 846 2418 in
862 2374 1067 2436 praedam
1088 2375 1315 2420 militibus
1329 2375 1481 2421 cessit.
1505 2375 1596 2422 Sed

197 2466 283 2495 nec
306 2451 391 2495 Dei
409 2452 611 2497 sacraria
625 2461 764 2513 atque
786 2452 975 2514 templa,
993 2462 1039 2497 et
1057 2452 1348 2498 nobilissima
1369 2462 1598 2498 monaste-

197 2528 264 2573 ria
300 2529 646 2575 monachorum
675 2538 814 2592 atque
852 2529 1110 2591 virginum,
1141 2546 1244 2592 quae
1267 2530 1358 2575 illic
1387 2529 1597 2593 magnifi—

197 2606 462 2651 centissima
485 2606 770 2666 exstiterant,
792 2605 922 2650 furor
935 2605 1116 2652 hostilis
1137 2607 1307 2654 intacta
1328 2607 1594 2670 reliquerat.

198 2684 405 2727 Fuerunt
451 2683 577 2728 enim
620 2681 759 2727 bonis
801 2698 932 2745 paene
973 2693 1019 2728 et
1058 2684 1345 2729 ornamentis
1378 2684 1599 2730 omnibus

200 2758 398 2822 spoliata
434 2769 575 2822 atque
598 2758 796 2817 nudata,
828 2759 890 2805 ita
916 2766 966 2805 ut
990 2776 1076 2805 nec
1100 2759 1246 2806 thecis
1276 2762 1428 2807 aureis
1457 2770 1597 2823 atque
