2037 3442
641 261 785 296 LIBER
809 259 1036 305 QUARTUS
1044 285 1052 292 .
1483 260 1557 295 207

161 349 395 411 fugerunt,
423 356 468 394 et
493 362 596 393 eam
622 351 902 400 tenuerunt3
932 357 958 386 a
980 340 1169 386 Francis
1194 355 1323 399 vem,
1347 340 1428 402 qui
1451 339 1561 386 illuc

160 426 294 471 multi
318 442 371 471 ex
399 424 593 470 diversis
616 419 804 484 oppidis
827 428 869 463 et
894 418 1056 463 castris
1080 427 1408 475 accurrerunt,
1438 417 1561 463 illico

163 502 327 548 eadem
351 501 491 547 turris
515 499 702 545 obsessa
725 505 809 542 est.

229 577 370 634 Quod
396 594 504 622 cum
528 575 636 621 duci
659 571 987 629 Sumincrseti,
1021 571 1217 630 rectori,
1246 579 1297 615 ut
1331 569 1562 630 diximus,

166 654 419 718 provinciae
441 669 527 716 pro
559 651 811 714 Anglorum
844 664 949 708 rege
969 684 979 704 ‚
1006 646 1312 705 innotuisset,
1337 648 1490 693 statim
1517 659 1568 694 ut

168 731 367 777 obsessis
391 731 528 775 ferret
551 729 772 775 auxilium
795 763 805 784 ,
829 724 937 770 illuc
960 739 1067 768 cum
1092 724 1296 769 exercitu
1321 724 1568 771 dominum

168 807 226 853 de
276 810 317 851 T
313 805 461 863 albot,
506 805 726 850 comitem
761 799 1203 847 Clierosberiensem
1220 834 1232 856 ‚
1281 801 1569 863 przecipuun‘i

168 894 281 929 tunc
304 884 447 929 totius
467 881 676 927 militaris
697 878 953 942 Anglorum
970 892 1136 922 manus
1161 875 1350 933 ducem,
1376 877 1443 921 ire
1460 894 1570 939 prae-

170 961 307 1023 cepit.
337 960 424 1017 Qui
449 959 671 1015 collecto,
701 967 750 1002 ut
774 956 958 1020 potuit,
990 954 1158 1013 milite,
1185 954 1368 999 circiter
1401 954 1462 999 ad
1488 971 1572 999 nu-

172 1053 354 1082 merum
376 1035 501 1081 mille
526 1036 891 1097 quingentorum
921 1031 1156 1094 equitum,
1192 1029 1251 1075 de
1278 1031 1571 1093 Rotllomago

173 1114 349 1175 trajecit
373 1116 659 1174 Bcrnayum3
687 1110 795 1155 inde
829 1124 941 1154 vero
979 1124 1088 1153 cum
1112 1106 1388 1152 Vernolium
1413 1124 1573 1154 versus

173 1188 435 1252 profectus,
462 1186 753 1249 cognovisset
782 1186 828 1230 in
872 1184 979 1229 villa
1020 1200 1122 1246 quae
1160 1184 1400 1229 Bl¹etezcll¹
1431 1184 1572 1246 vulgo

173 1264 462 1327 appellatur,
501 1265 659 1328 copias
697 1278 888 1325 magnas
910 1265 1196 1307 Francorum
1228 1261 1430 1308 militum
1465 1279 1575 1308 cuni

174 1340 333 1385 multis
357 1340 541 1386 famosis
558 1339 755 1385 ducibus
775 1339 834 1385 ad
853 1355 961 1385 euni
981 1338 1139 1384 locum
1162 1339 1464 1398 confluxisse,
1487 1341 1575 1385 mi·-

174 1416 302 1462 nime
318 1415 491 1460 abusus
510 1416 593 1461 suit
610 1415 730 1460 ultra
747 1414 1031 1478 procedere3
1067 1415 1149 1460 sed
1179 1431 1384 1478 propero
1407 1432 1544 1461 cursu
1561 1452 1573 1475 ,

175 1491 389 1538 breviore
413 1509 508 1555 quo
532 1493 686 1556 potuit
709 1492 896 1549 itinere,
934 1492 1281 1553 Rothomagum
1309 1492 1396 1538 sibi
1422 1510 1577 1539 rever-

175 1568 373 1614 tendum
397 1570 651 1614 constituit.
676 1571 829 1625 Quem
852 1585 961 1613 cum
984 1572 1271 1614 Francorum
1299 1569 1442 1616 duces
1458 1607 1469 1629 ‚
1497 1571 1577 1633 qui

178 1662 287 1691 eum
317 1644 408 1690 fixo
436 1646 628 1707 vestigio
664 1645 789 1708 apud
814 1644 1088 1690 Vernolium
1123 1646 1483 1708 exspectabant,
1513 1650 1579 1693 sic

178 1722 330 1768 redire
367 1721 726 1779 intellexissent,
770 1722 1034 1768 conscensis
1075 1722 1231 1767 statim
1271 1723 1429 1785 equis⁷
1471 1740 1577 1769 eum

180 1815 287 1844 cnm
307 1798 486 1860 magnis
509 1797 771 1859 agminibus
794 1815 820 1843 a
846 1808 974 1860 tergo
995 1807 1102 1843 sunt
1124 1798 1337 1843 insecuti.
1366 1801 1422 1843 Et
1440 1800 1580 1845 talem

181 1874 373 1936 quidem
416 1873 704 1936 diligentiam
737 1873 1057 1936 adequitando
1093 1873 1332 1931 fecerunt,
1386 1885 1436 1919 ut
1473 1891 1579 1920 eum

182 1967 290 1996 cum
314 1967 396 1996 sua
418 1951 637 1996 comitiva
657 1951 703 1996 in
723 1950 1003 2013 quibusdam
1020 1951 1197 2012 magnis
1218 1952 1584 2015 campestribus‘Z

183 2028 502 2087 invenientes,
541 2027 693 2073 eidem
730 2028 1188 2091 appropinquarent3
1229 2045 1350 2091 quos
1384 2039 1435 2074 ut
1469 2030 1585 2075 vidit

184 2101 310 2148 idem
340 2101 561 2148 dominus
595 2102 654 2148 de
683 2102 866 2161 Taum,
894 2120 1091 2167 parvum
1125 2114 1204 2150 aut
1237 2104 1420 2150 nullum
1440 2122 1586 2169 repu-

186 2189 289 2225 tans
313 2179 401 2225 sihi
433 2179 481 2224 in
518 2178 626 2240 suga
663 2180 930 2242 praesidium
969 2197 1229 2244 superesse,
1258 2198 1367 2227 cum
1403 2185 1513 2245 equi
1539 2192 1585 2228 et

186 2256 354 2301 milites
376 2256 448 2301 sui
471 2272 523 2301 ex
550 2256 693 2318 longo
732 2256 895 2302 itinere
919 2267 964 2303 et
997 2258 1091 2304 sitis
1115 2251 1360 2304 tolerantia
1383 2259 1585 2305 multum

185 2331 292 2376 lassi
317 2331 585 2393 fatigatique
609 2342 789 2389 essent,
820 2333 969 2395 posita
998 2350 1026 2379 a
1050 2343 1180 2397 tergo
1206 2334 1411 2397 quadam
1434 2350 1582 2398 saepe,

186 2407 317 2452 rubis
337 2408 631 2470 dumetisque
660 2408 767 2453 satis
799 2408 965 2467 densa,
993 2409 1282 2456 descendens
1306 2410 1450 2473 pedes
1479 2428 1588 2456 cum

187 2484 312 2544 suis,
350 2484 441 2530 illic
484 2500 591 2530 suas
625 2485 746 2530 acies
779 2485 1028 2532 ordinavit.
1070 2486 1212 2542 Quod
1240 2487 1404 2532 Franci
1430 2489 1589 2551 provi-

243 2683 280 2718 1.
312 2683 410 2719 C⁷est
428 2679 464 2718 le
482 2680 648 2718 Breteuil
666 2679 731 2730 qui
750 2688 804 2717 est
825 2679 919 2718 dans
939 2680 975 2718 le
995 2680 1256 2731 departement
1274 2680 1321 2718 de
1340 2680 1483 2718 l'Eure.

243 2742 280 2776 2.
313 2742 368 2776 En
388 2752 463 2777 vue
482 2739 723 2777 d’Harcourt.
748 2739 803 2777 Cf.
832 2741 1019 2788 Charder,
1042 2738 1135 2777 dans
1154 2739 1363 2790 Godefroy‚
1381 2753 1420 2790 p.
1446 2742 1536 2777 144.
