2037 3442
490 331 564 365 228
864 332 1156 368 HISTORIARU
1161 334 1197 368 M
1225 335 1403 370 CAROLI
1430 337 1496 370 VII

557 411 710 455 Plures
731 411 866 456 etiam
894 428 949 456 ex
968 413 1114 474 portis
1136 414 1330 459 civitatis
1354 415 1502 472 cives,
1530 415 1705 476 absque
1724 415 1876 477 aliqua

488 503 644 544 mora,
672 498 1022 550 occupaverunt
1041 508 1051 545 3
1075 506 1158 552 per
1181 506 1295 552 quas
1315 506 1529 535 cursores
1549 490 1809 536 emittentes
1827 508 1878 537 ac

485 563 638 609 varios
675 563 865 608 nuntios
899 564 957 609 ad
994 565 1215 611 Carolum
1259 583 1414 628 regem
1455 575 1500 611 et
1544 582 1681 624 suos,
1723 582 1880 612 rerum

485 640 783 703 praesentium
815 650 987 686 statum
1017 642 1258 688 celerrime
1293 644 1620 688 innotuerunt.
1656 643 1724 688 Ad
1760 660 1880 705 quos

486 733 594 762 cum
623 727 723 762 toto
753 718 955 763 exercitu
976 753 987 775 ,
1014 719 1094 780 qui
1118 735 1214 764 non
1239 719 1405 782 procul
1430 718 1614 779 aberat,
1648 736 1702 764 ex
1728 730 1878 765 castro

486 794 820 840 Pontis-Archae
855 796 1268 858 properantissime
1310 813 1558 841 accurrens
1607 796 1881 858 (metuebat

481 871 608 915 enim
632 886 691 915 ne
714 887 883 933 magna
908 872 1190 933 Anglortin1,
1219 889 1320 934 quse
1343 872 1434 917 illic
1463 882 1588 932 erat,
1619 889 1783 918 manus
1806 872 1879 918 vel

482 964 585 1009 quae
604 964 658 992 ex
682 948 782 993 aliis
806 948 993 1011 oppidis
1013 959 1057 994 et
1083 949 1306 1007 castellis,
1335 966 1437 1012 quae
1456 966 1548 995 suae
1571 949 1726 995 adhuc
1747 960 1880 995 erant

481 1023 698 1083 ditionis,
728 1024 950 1070 velociter
981 1024 1233 1071 adventare
1264 1026 1518 1089 potuisset,
1547 1025 1876 1072 detrimentum

481 1099 656 1146 civitati
683 1101 924 1163 inferret),
957 1118 1063 1147 cum
1095 1102 1307 1164 Anglicos
1342 1103 1463 1148 intra
1494 1119 1620 1149 arces
1645 1102 1874 1160 reclusos,

479 1186 525 1221 et
556 1177 727 1223 civium
768 1178 1117 1224 multitudinem
1154 1179 1403 1242 praevalere
1443 1180 1488 1224 in
1523 1180 1707 1225 civitate
1745 1179 1878 1225 intel-

481 1252 696 1312 lexisset,
750 1256 798 1300 in
841 1257 1126 1301 monasterio
1171 1266 1328 1302 autem
1369 1257 1546 1302 Sanctae
1588 1255 1873 1313 Catharinae‚

477 1330 607 1391 quod
635 1331 682 1375 in
711 1333 885 1377 montis
908 1333 1082 1378 vertice
1113 1333 1253 1378 situm
1282 1343 1374 1393 est,
1402 1333 1481 1395 qui
1504 1333 1739 1396 prominet
1768 1333 1879 1377 civi-

477 1407 584 1466 tati,
612 1407 719 1453 loco
745 1409 938 1471 quidem
973 1410 1081 1455 satis
1104 1410 1310 1468 munito,
1340 1410 1421 1455 sed
1453 1411 1533 1472 qui
1557 1409 1615 1454 ab
1647 1408 1873 1471 Anglicis,

477 1501 586 1530 cum
618 1486 874 1531 tumultum
913 1486 1044 1532 illum
1081 1488 1129 1532 in
1163 1488 1349 1533 civitate
1375 1487 1588 1549 regisque
1623 1486 1878 1531 adventum

475 1579 582 1608 curn
616 1564 822 1610 exercitu
855 1564 1092 1623 viderent,
1130 1564 1278 1610 fuerat
1302 1563 1578 1623 derelictus,
1615 1580 1662 1609 se
1685 1563 1873 1627 recepit.

476 1640 634 1685 Noluit
662 1651 819 1686 autem
851 1640 982 1703 quod
1017 1656 1071 1686 ea
1103 1640 1220 1686 hora
1247 1658 1357 1686 suus
1391 1641 1616 1686 exercitus
1644 1640 1876 1685 civitatem

474 1717 666 1762 intraret
704 1718 827 1779 (jam
859 1718 985 1762 enim
1019 1734 1168 1780 prope
1193 1734 1440 1780 vesperum
1468 1716 1624 1779 erat),
1652 1717 1759 1777 quia
1778 1753 1788 1773 ‚
1817 1732 1875 1761 ne

475 1794 655 1853 forsan,
685 1795 721 1839 si
745 1803 870 1839 totus
894 1795 1144 1840 introiisset
1168 1803 1279 1839 tunc
1303 1794 1556 1852 exercitus,
1584 1810 1681 1838 sese
1710 1793 1875 1838 milites

474 1871 533 1916 ad
563 1871 766 1933 praedam
807 1870 1046 1916 dedissent
1073 1871 1157 1931 (ex
1189 1887 1284 1933 quo
1321 1870 1627 1933 periculosius
1650 1870 1770 1914 inter
1795 1885 1876 1914 eos

473 1957 518 1991 et
541 1947 664 1992 cives
688 1947 916 1992 tumultus
940 1947 1110 1992 exoriri
1131 1947 1417 2010 potuisset),
1452 1962 1546 1991 non
1579 1944 1873 1990 irrationabi-

472 2022 574 2067 liter
597 2023 859 2068 verebatur.
898 2022 988 2067 Sed
1014 2023 1219 2085 primum
1257 2022 1450 2083 ingressi
1485 2030 1593 2066 sunt
1626 2021 1874 2083 episcopus

473 2099 768 2144 Lexoviensis
787 2101 824 2156 ¹,
852 2098 910 2143 de
934 2115 1030 2160 quo
1056 2099 1102 2142 in
1136 2096 1454 2160 superioribus
1478 2096 1766 2142 mentionem
1787 2095 1870 2141 ha-

472 2173 686 2233 buimus,
721 2183 766 2219 et
790 2174 1011 2219 dominus
1037 2173 1095 2218 de
1128 2173 1377 2218 Torciaco²
1410 2189 1517 2218 cum
1557 2182 1746 2218 centum
1776 2171 1873 2216 lan—

471 2252 592 2308 ceis,
629 2268 731 2313 quae
755 2251 1211 2313 quadringentorum
1244 2250 1451 2295 virorum
1472 2259 1759 2295 armatorum
1783 2265 1871 2294 nu—

470 2344 653 2372 merum
697 2326 943 2372 faciebant.
985 2326 1295 2372 Postmodum
1333 2343 1473 2385 vero,
1502 2343 1609 2372 cum
1642 2327 1738 2388 jam
1777 2342 1870 2370 nox

468 2414 615 2461 esset,
658 2405 797 2449 etiam
829 2404 1036 2450 introivit
1074 2404 1309 2449 civitatem
1333 2419 1493 2448 comes
1523 2403 1728 2449 Dorval³
1762 2418 1869 2448 cum

522 2513 559 2550 1,
589 2510 752 2547 Thomas
770 2511 895 2550 Basin.

520 2571 558 2605 2.
591 2572 684 2606 Jean
717 2570 888 2606 Chartier
908 2580 1062 2606 nomme
1090 2568 1220 2606 Pierre
1243 2568 1290 2606 de.
1324 2567 1439 2605 Breze'
1471 2581 1617 2606 comme
1647 2568 1682 2605 le
1705 2567 1869 2618 premier

469 2627 533 2676 qui
566 2637 672 2664 entra
700 2629 793 2666 dans
820 2629 855 2666 la
880 2629 985 2666 ville.
1012 2627 1156 2664 Robert
1184 2627 1343 2664 Blondel
1364 2628 1416 2674 (l.
1444 2631 1511 2675 III,
1535 2642 1568 2664 c.
1594 2630 1690 2675 xv),
1720 2627 1812 2664 rend
1833 2627 1868 2664 le

469 2687 591 2721 menie
611 2688 872 2740 temoignage3
896 2687 988 2724 mais
1008 2687 1106 2724 celui
1129 2686 1175 2723 de
1193 2687 1357 2724 Thomas
1376 2687 1488 2724 Basin
1508 2695 1562 2724 est
1580 2687 1627 2723 ici
1643 2685 1726 2737 plus
1743 2686 1866 2722 consi-

471 2744 640 2782 derable.

519 2806 554 2842 3.
588 2803 772 2841 Amanieu
793 2804 984 2852 ‹l'Albret‚
1010 2805 1189 2855 seigneur
1212 2804 1378 2841 d'Orval.
