2037 3442
328 294 402 329 :296
710 292 1046 329 HISTORIARUM
1074 292 1251 329 CAROLI
1281 294 1346 329 VII

773 468 841 511 CA
853 469 1110 513 PITULUM
1146 470 1266 514 XVI.

327 588 483 632 Qualiter
499 587 658 630 Carolus,
676 587 893 623 Francorum
909 603 967 624 rex
980 617 989 633 ,
1010 603 1090 624 cum
1107 591 1275 633 Henrico,
1289 589 1483 637 Anglorum
1500 605 1593 639 rege,
1607 599 1731 638 nepote

372 654 454 684 suo,
476 641 605 675 foedera
629 643 760 677 habere
786 644 982 687 i11choavit;
1003 653 1036 678 et
1056 657 1132 690 quae
1153 645 1315 679 eumdem
1340 646 1529 680 Henricum
1548 655 1731 693 propterea

374 694 548 729 calamitas
568 696 611 729 sit
625 705 754 730 secuta.

392 810 485 854 Nec
507 826 620 856 vero
640 846 652 870 ,
680 820 749 856 tot
771 811 970 874 ligantiis
994 812 1204 875 undique
1229 813 1503 875 conquisitis
1522 813 1733 876 (praeser-

327 885 412 931 tim
445 903 554 932 cum
594 887 721 933 illam
754 888 1002 934 maximam
1044 899 1088 934 et
1112 889 1446 936 validissimam
1484 906 1593 935 cum
1627 905 1733 951 rege

327 965 661 1025 Hungarorum
676 964 903 1022 habitam,
928 982 1059 1028 paeue
1082 975 1132 1011 ut
1156 977 1302 1029 carpta
1320 977 1435 1025 erat,
1458 967 1733 1013 exstinctam

330 1039 469 1085 fuisse
488 1042 807 1105 conspiceret)
824 1059 909 1087 suo
930 1051 1153 1106 reputans
1177 1043 1409 1088 desiderio
1430 1043 1732 1099 satisfactum,

329 1117 471 1161 etiam
522 1134 631 1162 cum
678 1118 935 1179 Anglorum
978 1136 1084 1182 rege
1130 1120 1333 1165 Henrico
1359 1156 1369 1177 ,
1419 1121 1593 1165 sororis
1645 1136 1737 1165 sua¹

331 1192 427 1239 filio
457 1195 564 1258 (qui
607 1197 835 1242 Henricus
876 1198 1017 1242 eliam
1059 1198 1362 1243 matrimonio
1412 1197 1608 1243 duxerat
1645 1213 1737 1242 suae

329 1271 541 1334 conjugis
572 1283 785 1335 neptem,
822 1273 963 1318 filiam
1001 1276 1186 1334 Renafi,
1216 1275 1336 1337 regis
1378 1275 1566 1331 Siciliae,
1594 1278 1737 1319 Fran-

330 1363 493 1391 corum
520 1349 689 1409 reginae
714 1348 908 1410 fratris),
936 1351 1191 1396 amicitiam
1223 1351 1462 1413 quaesivit3
1490 1361 1536 1396 et
1560 1351 1666 1396 licet
1690 1350 1735 1393 in

331 1433 493 1484 treuga
519 1423 598 1469 diu
635 1441 743 1469 cum
770 1426 1163 1486 Burgundionum
1197 1427 1316 1473 duce
1353 1427 1479 1472 idem
1510 1427 1740 1472 Henricus

332 1500 535 1558 vixisset,
563 1500 713 1546 foedus
736 1512 893 1548 tamen
921 1519 1029 1548 cum
1060 1521 1115 1549 eo
1140 1505 1238 1567 ipse
1266 1504 1463 1550 Carolus
1495 1503 1739 1566 quoddam

330 1575 506 1622 habere
531 1577 795 1638 inchoavit,
832 1589 903 1637 et,
932 1590 982 1625 ut
1005 1597 1111 1626 eum
1146 1581 1206 1626 ab
1240 1582 1443 1626 amicitia
1468 1580 1600 1626 ducis
1625 1583 1740 1624 Bur-

332 1652 629 1713 gundionum
658 1654 975 1713 abstraheret,
1011 1656 1071 1702 ad
1105 1657 1358 1703 amicitiam
1382 1674 1542 1702 secum
1571 1672 1742 1702 coeun-

334 1727 445 1772 dam
468 1728 671 1790 pellexit.

398 1807 507 1849 Erat
535 1814 636 1850 tum
665 1815 809 1852 status
847 1807 991 1871 ipsius
1026 1809 1216 1854 Henrici
1253 1809 1403 1871 regis,
1431 1819 1627 1873 propter
1652 1809 1742 1853 sac-

332 1880 484 1925 tiones
526 1882 843 1941 quorumdam
882 1900 1136 1946 procerum
1174 1886 1304 1946 regni
1344 1886 1441 1944 sui,
1486 1886 1742 1948 praesertim

335 1956 468 2002 ducis
507 1957 704 2003 Eboraci
743 1969 789 2004 et
827 1961 1013 2005 comitis
1049 1960 1107 2006 de
1147 1963 1423 2021 Ismeiclst,
1457 1978 1745 2024 suarumque

334 2034 537 2096 partium
565 2036 827 2096 fautorum,
852 2038 1211 2099 quodammodo
1239 2039 1564 2085 mutabundus
1593 2047 1638 2085 et
1663 2056 1744 2085 va-

335 2109 496 2154 cillans
521 2128 529 2154 :
560 2123 754 2174 propter
776 2113 906 2176 quod
932 2115 1106 2160 auxilio
1131 2132 1265 2177 egere
1286 2133 1334 2161 se
1361 2116 1516 2162 alieno
1541 2132 1743 2178 praeseu-

338 2187 480 2243 liens‚
521 2187 581 2232 ad
617 2189 870 2236 amicitiam
908 2191 1087 2251 Caroli,
1128 2195 1416 2238 Francorum
1454 2193 1606 2253 regis7
1646 2208 1742 2236 non

337 2262 482 2307 modo
518 2265 839 2327 recipiendam
872 2266 1109 2327 oblatam,
1145 2269 1227 2314 sed
1253 2270 1393 2315 etiam
1433 2269 1742 2332 captandam,

336 2339 591 2399 proclivior
615 2341 805 2387 effectus
828 2353 941 2388 erat.
971 2347 1086 2400 Quae
1115 2362 1224 2390 cum
1251 2346 1347 2407 jam
1385 2345 1746 2391 fundamentum

337 2417 621 2462 nonnullum
650 2419 925 2482 accepisset,
960 2431 1030 2478 et,
1066 2422 1124 2467 de
1152 2422 1210 2468 ad
1247 2423 1502 2486 perfectam
1532 2440 1679 2485 usque
1704 2432 1749 2469 et

337 2491 535 2538 solidam
579 2510 743 2557 pacem
782 2512 836 2541 ea
874 2496 1208 2559 perducenda,
1252 2516 1355 2562 spes
1396 2516 1565 2561 magna
1602 2498 1746 2544 liabe-

392 2635 429 2670 1.
460 2634 623 2671 Richard
646 2638 789 2684 Nevill‚
822 2648 944 2676 comte
970 2640 1017 2677 de
1038 2642 1249 2689 Warwick‚
1280 2655 1348 2692 par
1373 2642 1469 2679 suite
1501 2641 1547 2679 de
1576 2655 1642 2678 son
1668 2654 1746 2678 ma-

340 2690 443 2741 riage
469 2705 561 2729 avec
589 2693 796 2733 l'heritiere
824 2697 890 2734 des
912 2700 1170 2751 Beauchamp.
1192 2704 1289 2738 C'est
1308 2702 1407 2739 celui
1427 2715 1501 2751 que
1521 2702 1574 2739 les
1596 2701 1747 2751 Anglais

337 2758 403 2786 ont
423 2753 641 2789 surnomme
662 2758 774 2803 lx'ingis·
791 2757 934 2800 master,
954 2757 990 2794 le
1008 2758 1148 2795 saiscui·
1167 2759 1214 2795 de
1235 2759 1322 2797 rois.
