2037 3442
711 249 855 286 LIBER
882 250 1121 297 QUARTUS.
1553 254 1566 287 1
1578 253 1625 288 93

220 328 393 386 ciisset,
427 345 453 376 a
484 345 577 392 qua
603 331 804 377 nimium
833 332 1058 379 serviliter
1087 331 1409 395 premebatur,
1438 333 1623 380 inhians

222 405 281 451 ad
308 421 422 468 opes
439 405 629 462 alienas,
647 424 756 452 curn
779 408 850 453 his
874 425 990 470 quas
1012 409 1109 471 jam
1136 409 1356 464 habebat,
1379 410 1624 456 cumulan-

221 482 305 528 das
333 492 378 528 et
410 484 754 530 coacervandas
771 521 782 543 ,
810 484 1081 546 hujusmodi
1107 486 1494 549 concupiscentia}
1520 487 1624 548 igne

222 558 498 617 obcaecatus,
520 559 651 620 juxta
674 577 839 606 vocem
863 561 1110 623 prophetae
1130 563 1339 607 canentis
1359 580 1368 606 :
1400 582 1420 604 <c
1447 564 1623 626 Super-

222 633 538 696 ceciditignis,
560 645 604 680 et
626 652 724 681 non
746 635 963 681 viderunt
989 636 1158 689 solem,
1187 654 1208 677 »
1235 636 1350 680 (lum
1374 636 1523 683 aliena
1546 654 1629 683 ne-

221 710 376 772 quiter
399 726 563 773 rapere
586 711 844 770 attentavit,
875 727 925 756 se
952 711 1045 755 suis
1072 710 1258 756 honore
1281 720 1421 772 atque
1454 714 1626 776 opibus

221 795 329 831 ante
353 788 552 848 quaesitis
581 797 625 833 et
652 787 820 834 habitis
839 825 849 845 ,
884 787 1056 850 procul
1083 786 1257 843 dubio,
1290 788 1487 833 omnino
1512 806 1628 852 spo-

220 861 364 909 liavit.

687 990 1023 1036 CAPITULUM
1059 991 1158 1033 ΧΠ.

288 1113 442 1155 Qualiter
463 1120 496 1146 et
516 1124 586 1157 quo
612 1112 728 1145 colore
751 1111 793 1143 ab
820 1109 971 1155 Anglicis
998 1106 1169 1154 oppidum
1186 1105 1352 1152 Fulgeriis
1368 1105 1556 1141 Britanniae

676 1178 816 1216 captum
838 1177 870 1201 et
884 1167 1065 1214 direptum
1085 1167 1162 1202 fuit.

280 1267 490 1322 Qualiter
503 1278 660 1313 autem
681 1276 726 1313 et
751 1263 996 1329 quomodo
1019 1263 1066 1308 id
1090 1263 1153 1309 ita
1177 1263 1448 1326 contigerit,
1481 1263 1624 1326 paulo

214 1343 350 1389 altius
368 1354 648 1407 repetemus.

282 1422 390 1466 Erat
413 1422 661 1466 Armoricae
681 1419 927 1465 Britanniae
945 1427 1045 1463 tum
1067 1416 1160 1462 dux
1179 1426 1224 1462 et
1243 1416 1466 1462 dominus
1483 1420 1624 1462 Frau-

213 1498 363 1543 ciscus
383 1500 410 1555 ¹,
446 1497 567 1544 filius
590 1496 930 1561 primogenitus
952 1494 1088 1540 ducis
1113 1493 1341 1538 Johannis
1360 1531 1370 1551 ,
1399 1494 1625 1557 principis

213 1589 298 1619 suo
325 1590 423 1619 aevo
456 1573 807 1638 prudentissimi
838 1571 1060 1635 reputati.
1091 1574 1208 1615 Toto
1253 1571 1379 1615 enim
1411 1580 1625 1634 tempore

212 1666 309 1714 quo
331 1650 480 1709 bellis,
508 1652 713 1714 primum
737 1648 967 1706 civilibus,
995 1646 1167 1692 deinde
1188 1647 1389 1691 externis
1406 1656 1451 1691 et
1468 1647 1624 1691 hosti-

211 1728 333 1774 libus
352 1765 362 1785 ,
401 1727 460 1773 ab
494 1728 650 1789 Anglis
673 1727 754 1772 diu
784 1736 925 1788 atque
950 1723 1267 1769 infelicissime
1295 1723 1504 1769 attritum
1538 1723 1618 1768 fuit

211 1814 258 1850 et
292 1803 516 1849 afflictum
554 1807 841 1848 Francorum
870 1816 1068 1863 regnum
1105 1798 1543 1862 (quemadmodum
1571 1800 1616 1844 in

210 1881 583 1945 praecedentibus
608 1896 632 1925 a
657 1879 794 1925 nobis
818 1877 1019 1924 relatum
1051 1876 1177 1937 est),
1204 1875 1452 1939 prudentia
1477 1886 1521 1921 et
1544 1894 1619 1922 sa*

209 1959 384 2021 pientia
404 1974 487 2003 sua
505 1957 706 2003 servavit
728 1957 927 2020 patriam
951 1971 1082 1999 suam
1108 1954 1355 2014 integram,
1373 1953 1615 2018 pacificam

210 2044 349 2097 atque
378 2033 693 2096 tranquillam.
727 2036 844 2079 Nam
875 2032 1059 2094 utrique
1089 2030 1294 2094 partium
1320 2030 1616 2094 complacere

210 2111 405 2157 studens
424 2147 435 2168 ,
463 2128 551 2157 nec
576 2127 741 2156 eorum
761 2108 1143 2155 contentionibus
1168 2124 1215 2152 se
1238 2108 1530 2165 immiscens,
1555 2108 1613 2153 ab

209 2188 418 2250 utrisque
440 2186 705 2244 verebatur,
735 2203 794 2251 ne
818 2185 877 2231 ab
900 2202 993 2231 una
1017 2184 1221 2230 offensus
1246 2184 1449 2247 partium
1468 2193 1513 2228 et
1542 2184 1614 2228 in-

202 2265 325 2327 juria
359 2264 620 2321 lacessitus,
659 2265 756 2327 ipse
782 2264 901 2326 parti
926 2262 1003 2308 alii
1026 2261 1284 2308 adhaereret
1305 2297 1316 2319 ,
1343 2260 1423 2322 qui
1450 2260 1614 2306 militia

207 2351 346 2404 atque
362 2340 530 2404 opibus
544 2340 651 2386 satis
669 2350 836 2404 potens
856 2339 1135 2403 pollensque
1149 2336 1446 2382 habebatur?
1470 2339 1613 2400 Prop-

262 2482 298 2518 1.
330 2479 527 2528 Frwcois,
552 2477 718 2528 premier
738 2476 789 2513 du
810 2490 899 2513 nom
920 2490 967 2514 en
986 2480 1185 2526 Bretagne.

258 2541 296 2574 2.
327 2538 469 2575 Robert
497 2536 655 2574 Blondel
691 2535 796 2586 pai-le
828 2536 949 2572 moins
975 2534 1277 2572 savorablement
1308 2531 1354 2569 de
1385 2545 1426 2568 ce
1455 2530 1610 2582 prince,

204 2598 297 2648 qu'il
327 2610 461 2634 accuse
487 2596 635 2633 d'avoir
666 2596 805 2633 enerve
835 2609 904 2632 son
933 2596 1072 2646 peuple
1107 2610 1114 2629 :
1157 2611 1171 2628 ι.
1190 2593 1382 2630 Johannes
1415 2591 1611 2628 Britonuni

204 2657 302 2704 dim,
334 2670 426 2707 pace
452 2657 566 2707 longa
590 2656 704 2693 armis
739 2655 946 2703 dissuetus,
971 2655 1089 2706 magis
1123 2661 1360 2704 opportunus
1390 2650 1468 2701 pati
1497 2663 1613 2700 quam

202 2716 378 2764 injuriam
406 2717 569 2763 inferre,
597 2716 738 2753 invasis
766 2715 908 2753 auxilio
944 2728 1020 2752 non
1053 2714 1141 2761 fuit3
1180 2726 1250 2750 nec
1280 2711 1415 2748 martia
1449 2711 1611 2757 virtute,

311 2796 323 2818 1
1378 2779 1426 2813 13
