2037 3442
734 317 875 351 LIBER
902 314 1127 361 QUINTUS.
1538 312 1611 346 297

218 401 374 453 retur,
421 394 526 440 fecit
561 395 686 442 idem
721 398 938 456 Carolus,
977 399 1260 441 Francorum
1302 411 1412 452 rex,
1451 393 1614 439 edictis

217 470 415 533 publicis
443 488 523 534 per
553 473 728 536 oppida
753 474 987 519 maritima
1015 482 1059 518 et
1084 473 1292 517 civitates
1316 472 1614 517 Not-manniae

217 547 512 610 proclamari,
535 560 766 611 quatenus
790 566 953 594 omnes
977 549 1064 594 sibi
1088 549 1259 594 subditi
1281 548 1484 610 benigne
1507 549 1617 594 reci-

216 632 379 685 perent
401 633 446 667 et
470 633 719 669 tractarent
743 641 795 669 ex
829 623 988 684 Anglia
1016 624 1341 678 advenientes,
1369 625 1449 684 qui
1470 623 1615 668 bene-

217 699 468 744 volentiam
486 709 526 744 et
553 700 746 761 gratiam
764 701 835 744 sui
859 700 975 760 regis
997 700 1181 744 Henrici
1200 716 1247 743 se
1265 699 1439 744 habere
1458 709 1614 744 osten-

215 775 409 829 derent,
450 776 609 837 eisque
647 786 691 821 et
725 775 896 832 rebus,
936 792 1257 838 quascumque
1294 774 1612 830 adveherent,

215 852 331 897 liber
373 853 603 914 ingressus
638 861 777 915 atque
810 852 1029 897 transitus
1064 869 1147 915 per
1184 861 1375 914 portus,
1407 851 1617 895 civitates

215 938 353 990 atque
385 929 561 991 oppida
592 929 793 974 Franciae
825 927 1124 991 praeberetur.
1160 930 1208 972 ln
1242 944 1338 989 quo
1375 943 1484 971 cum
1518 942 1615 970 non

216 1021 381 1067 parum
406 1006 574 1051 favoris
599 1016 643 1050 et
667 1006 819 1051 solatii
850 1005 938 1068 ipsi
968 1006 1062 1067 regi
1101 1005 1304 1049 Henrico
1329 1013 1545 1066 przestare
1570 1019 1617 1047 se

215 1081 533 1138 arbitraretur,
552 1092 780 1145 quantum
808 1091 964 1127 tamen
994 1080 1248 1144 praejudicii
1274 1090 1414 1142 atque
1431 1080 1620 1141 jacturae

216 1158 260 1201 id
286 1159 327 1202 ei
352 1160 639 1222 important,
669 1169 993 1221 quantumque
1017 1175 1043 1203 a
1072 1175 1118 1203 se
1142 1157 1349 1203 favorem
1378 1157 1617 1218 Anglicani

214 1233 374 1293 populi
410 1233 709 1292 abalienarit‚
739 1233 950 1296 profecto
984 1249 1086 1295 quae
1119 1249 1142 1277 e
1169 1231 1364 1293 vestigio
1395 1230 1618 1276 adversus

213 1323 322 1351 eum
340 1309 505 1353 seditio
524 1310 570 1354 in
586 1309 746 1371 Anglia
766 1311 998 1354 concitata
1016 1319 1100 1365 est,
1116 1307 1376 1353 luculenter
1393 1307 1613 1353 ostendit.

213 1386 460 1431 Sumentes
484 1387 610 1431 enim
634 1387 742 1431 inde
775 1387 951 1449 praefati
977 1386 1073 1431 dux
1110 1384 1332 1441 Eboraci,
1362 1400 1522 1429 comes
1558 1385 1617 1428 de

217 1463 438 1507 [Γανινιὶ-Ιι
495 1473 538 1507 et
589 1480 778 1507 suarum
825 1463 1030 1526 partium
1075 1460 1273 1506 studiosi
1321 1460 1617 1505 occasionem

214 1537 491 1584 seducendae
524 1539 695 1602 plebis,
719 1538 1031 1601 suggerebant
1061 1547 1132 1593 et,
1160 1537 1447 1598 ubicumque
1484 1546 1620 1599 pote-

214 1623 346 1669 rant,
385 1613 792 1673 disseminabant,
830 1614 1085 1659 Henricum
1123 1629 1279 1673 regem
1315 1612 1421 1673 jura
1463 1612 1619 1673 Angli-

213 1705 339 1734 canae
363 1707 550 1736 coronae
572 1692 618 1736 in
640 1692 713 1736 his
729 1690 929 1752 juribus,
954 1706 1056 1752 quae
1081 1689 1376 1752 praetendunt
1400 1688 1447 1733 in
1473 1705 1618 1750 regno

214 1768 417 1812 Francia:
441 1779 485 1814 et
518 1769 764 1814 ducatibus
788 1768 1086 1813 Not-manniae
1112 1776 1155 1812 et
1194 1766 1470 1828 Aquitaniae,
1500 1765 1619 1810 velle

214 1844 443 1902 alienare;
482 1855 527 1891 et
565 1845 623 1891 de
658 1845 803 1902 sacto,
842 1842 1236 1907 promissionibus
1280 1841 1410 1887 sactis
1449 1841 1509 1886 de
1541 1858 1618 1887 ce-

215 1920 373 1966 dendo
405 1932 449 1967 et
479 1922 795 1968 renuntiando
828 1922 1031 1979 eisdem,
1056 1921 1153 1982 jam
1187 1936 1295 1965 cum
1327 1922 1618 1964 Francorum

215 2013 322 2059 rege
355 1999 579 2044 amicitias
611 1999 885 2062 copulasse3
918 2009 991 2057 et,
1027 2015 1111 2062 per
1140 1997 1254 2056 hoc,
1296 1996 1425 2058 regni
1456 1996 1620 2059 prodi-

215 2084 365 2120 torem
410 2076 566 2138 potius
604 2092 745 2137 quam
783 2076 1042 2137 legitimum
1085 2091 1132 2121 se
1176 2090 1333 2136 regem
1375 2072 1612 2118 exhibere.

215 2151 395 2206 Quibus
428 2152 800 2212 suggestionibus
837 2152 1001 2215 populi
1034 2150 1272 2211 Anglicani
1306 2148 1508 2211 impletis
1540 2165 1620 2194 au-

215 2227 368 2284 ribus,
395 2229 569 2291 praefati
588 2228 682 2273 dux
709 2239 754 2274 et
776 2245 933 2274 comes
959 2244 1149 2290 magnas
1174 2226 1335 2271 turbas
1362 2242 1444 2287 per
1464 2235 1617 2270 totum

216 2320 410 2364 regnum
448 2305 620 2366 Angliae
655 2304 877 2350 adversus
922 2305 1179 2349 Henricum
1217 2319 1374 2364 regem
1422 2301 1619 2347 seditio-

216 2395 391 2442 nesque
416 2381 830 2444 periculosissimas
853 2382 1168 2426 concitarunt.

280 2459 382 2519 Ipse
400 2474 513 2503 vero
534 2460 762 2503 Henricus
785 2469 829 2502 et
855 2458 952 2518 ejus
969 2457 1160 2518 conjux7
1179 2455 1272 2501 filia
1291 2455 1471 2513 Renati,
1488 2455 1618 2499 Sicu-

214 2532 367 2579 lorum
403 2534 542 2594 regis,
581 2535 745 2580 mulier
780 2535 989 2598 prudens
1025 2544 1069 2579 et
1104 2533 1339 2585 animosa,
1373 2549 1482 2578 cum
1513 2532 1618 2594 plu-

214 2610 345 2655 ribus
385 2612 516 2673 regni
557 2611 847 2674 principibus
885 2611 1200 2674 periculosum
1236 2626 1393 2654 rerum
1427 2624 1618 2653 suarum

214 2697 386 2732 statum
411 2698 550 2751 atque
576 2689 828 2752 ancipitem
852 2689 1168 2751 inspicientes,
1197 2703 1252 2731 ex
1281 2686 1478 2732 adverso
1502 2702 1617 2731 con—

215 2765 371 2810 tractis
406 2765 615 2827 undique
649 2765 824 2810 viribus
856 2775 900 2810 et
933 2765 1163 2829 praecipue
1187 2763 1443 2809 nobilitatis
1467 2763 1614 2824 regni,
