2037 3442
669 343 812 379 LIBER
840 344 1102 381 SECUNDUS.
1541 343 1588 376 59

202 427 344 469 rent¹.
375 424 514 480 Quod
538 425 828 471 verissimum
850 435 1009 489 postea
1028 434 1321 488 compertum
1347 424 1444 469 suit.
1474 426 1587 469 Nam

203 500 326 546 illico
347 511 397 545 ut
416 501 609 562 Anglici,
637 503 923 548 Normannia
946 502 1100 563 ejecti,
1126 501 1185 547 ad
1205 501 1395 565 propria
1420 501 1586 546 reverti

200 576 430 639 compulsi
448 587 572 634 sunt,
592 579 738 640 patria
755 577 876 624 illico
892 578 1120 641 pestilenti
1140 577 1386 623 hominum
1406 577 1586 621 incom-

202 651 347 696 modo
366 651 512 697 libera
533 653 712 698 reddita
733 664 816 699 est.
845 654 935 709 Qui
953 654 1079 698 enim
1099 669 1153 697 ex
1177 653 1255 698 illo
1276 651 1585 697 latrocinandi

203 728 359 774 officio
380 740 650 792 supererant
674 731 740 792 (et
768 730 899 775 multi
925 730 1115 792 quidem
1140 728 1306 785 erant),
1334 728 1405 773 vel
1430 728 1475 772 in
1501 745 1585 772 nu-

200 821 382 850 merum
415 807 586 851 militiae
616 816 753 868 atque
792 806 1018 869 stipendia
1062 805 1233 867 recepti
1261 813 1384 861 sunt,
1414 803 1487 848 vel
1526 804 1585 849 ad

202 881 368 926 domos
384 898 489 927 suas
506 892 802 941 revertentes,
823 898 1040 943 agrorum
1059 880 1248 925 culturae
1264 879 1581 937 intenderunt,

201 969 296 1016 aut,
333 958 370 1003 si
401 968 545 1004 artem
572 959 844 1015 didicerant,
870 975 923 1003 ex
949 974 1002 1003 ea
1030 972 1281 1020 procurare
1311 955 1396 1000 sibi
1429 956 1585 1000 uxori-

202 1032 387 1095 busque
416 1050 469 1079 ac
494 1034 648 1079 liberis
673 1033 927 1078 necessaria
950 1033 1052 1077 vitae
1076 1039 1373 1077 curaverunt.

266 1109 500 1163 Quamdiu
518 1126 628 1155 vero
644 1109 815 1170 Anglici
833 1118 1002 1153 terram
1018 1115 1285 1165 tenuerunt,
1302 1115 1352 1150 ut
1366 1105 1582 1163 diximus,

201 1185 428 1229 continuo
448 1187 643 1248 patriam
668 1202 796 1248 paene
814 1185 986 1247 ubique
1009 1185 1278 1230 infestantes
1296 1193 1341 1229 et
1363 1183 1587 1246 luporum

201 1276 332 1305 more
367 1278 420 1305 ex
467 1261 667 1306 latibulis
702 1272 838 1324 atque
872 1262 1014 1306 antris
1056 1261 1275 1306 silvarum
1306 1260 1583 1319 exsilientes,

201 1354 320 1399 quos
346 1347 559 1400 poterant
582 1340 774 1397 vicinos,
801 1339 999 1384 maxime
1022 1355 1075 1384 ac
1100 1338 1185 1383 sibi
1210 1338 1476 1383 familiarius
1497 1355 1585 1383 no-

204 1422 292 1469 tos,
315 1414 625 1475 captivabant,
644 1414 926 1478 spoliabant,
946 1414 1116 1476 quibus
1130 1416 1269 1460 etiam
1287 1421 1382 1459 tam
1399 1413 1585 1459 efferata

203 1487 355 1532 rabies
390 1489 660 1546 incesserat,
689 1500 739 1534 ut
771 1506 857 1535 nec
881 1489 1201 1535 sacerdotibus
1230 1491 1314 1534 Dei
1346 1506 1430 1552 pro
1456 1505 1585 1534 reve-

201 1565 348 1610 rentia
387 1565 620 1626 dignitatis
656 1566 926 1628 ordinisque
956 1566 1254 1611 sacerdotalis
1291 1565 1349 1612 ab
1383 1566 1447 1611 eis
1481 1582 1587 1628 par-

200 1651 398 1697 ceretur,
438 1658 523 1686 nec
555 1659 634 1687 eos
666 1643 888 1705 Apollinis
928 1643 1070 1688 infula
1101 1644 1262 1688 texerit
1277 1645 1305 1699 ²,
1333 1642 1587 1704 quominus

201 1717 236 1761 si
256 1728 463 1780 possent,
485 1729 534 1763 ut
557 1719 707 1764 caeteri
724 1720 1086 1782 captivarentur,
1105 1720 1176 1764 vel
1196 1719 1508 1782 spoliarentur
1528 1717 1586 1762 ab

200 1795 334 1857 ipsis,
365 1805 410 1840 et.
445 1795 566 1852 licet,
596 1806 643 1840 ut
675 1796 771 1857 jam
807 1795 1023 1855 diximus,
1056 1796 1246 1857 Anglici,
1274 1811 1477 1858 quorum
1501 1811 1585 1858 po-

200 1872 373 1917 tissime
407 1873 509 1917 vitae
545 1872 798 1918 tendebant
821 1872 1025 1930 insidias,
1053 1889 1149 1931 eos,
1176 1889 1282 1918 cum
1306 1873 1582 1935 potuissent,

200 1949 299 1994 sine
323 1949 415 1994 ulla
448 1949 744 1994 miseratione
770 1949 1068 2007 trucidantes,
1096 1949 1464 2012 frequentissime
1487 1966 1588 2013 per-

201 2026 453 2086 quirerent,
472 2025 802 2090 perlustrantes
822 2026 958 2072 silvas
977 2043 1084 2071 cum
1107 2035 1394 2071 armatorum
1413 2026 1584 2071 cohor-

201 2101 338 2155 tibus,
365 2112 409 2147 et
440 2101 635 2147 canibus
670 2119 744 2147 eas
769 2103 1004 2164 cingentes
1029 2112 1073 2148 et
1096 2111 1414 2165 pervagantes,
1442 2102 1585 2165 pluri-

199 2194 394 2240 mosque
435 2178 803 2241 comprehensos
849 2179 918 2224 vel
962 2180 1114 2224 statim
1154 2180 1462 2242 perimerent,
1514 2179 1585 2225 vel

199 2254 329 2299 vivos
347 2254 598 2315 adjudices
618 2255 784 2316 regios,
811 2256 1036 2319 supplicio
1057 2255 1328 2301 afficiendos
1343 2256 1587 2302 contrade·

199 2339 317 2375 rent.
352 2333 459 2376 Erat
485 2332 610 2376 enim
642 2331 829 2394 publico
862 2333 1015 2378 edicto
1049 2332 1370 2378 occidentibus
1393 2333 1487 2378 sive
1510 2333 1588 2379 ad·

200 2406 477 2452 ducentibus
504 2408 760 2470 Brigandos
794 2420 971 2454 certum
994 2409 1211 2455 salarium
1239 2409 1297 2455 de
1323 2410 1435 2455 fisco
1459 2411 1587 2473 regio

254 2511 290 2546 1.
324 2511 425 2546 Cette
448 2510 628 2547 anecdote
660 2523 681 2547 a
707 2511 765 2547 ete
791 2511 992 2550 intercalee
1013 2521 1091 2550 mot
1112 2526 1208 2562 pour
1226 2521 1303 2550 mot
1323 2513 1415 2550 dans
1435 2513 1487 2550 les
1506 2516 1589 2549 An-

202 2572 303 2604 nales
322 2570 508 2604 Flandriae
531 2568 576 2605 de
596 2572 737 2618 Meyer,
764 2570 789 2606 l.
818 2571 914 2608 XVI.

250 2629 287 2663 2.
321 2627 351 2663 Il
372 2627 514 2664 semble
537 2640 610 2676 que
628 2641 670 2664 ce
690 2628 760 2664 soit
783 2629 905 2665 l'etole
929 2642 1002 2679 que
1022 2629 1182 2667 l'auteur
1202 2639 1292 2668 veut
1319 2631 1493 2683 designer
1520 2647 1589 2683 par

200 2694 294 2722 cette
321 2686 539 2735 expression
562 2687 801 2726 rechercliee.
827 2690 886 2724 Au
906 2688 1000 2725 livre
1024 2692 1073 2735 II,
1097 2703 1128 2726 c.
1152 2704 1227 2726 xxv
1254 2690 1300 2727 de
1327 2691 1518 2728 l’Histoire
1542 2693 1588 2730 de

196 2744 310 2782 Louis
324 2747 392 2792 XI,
412 2744 436 2780 il
458 2758 496 2782 se
513 2754 587 2782 sert
601 2759 737 2782 encore
755 2746 979 2795 &Apollinis
992 2749 1113 2796 infula
1126 2761 1171 2785 en
1189 2749 1336 2799 parlant
1352 2749 1401 2786 du
1420 2751 1585 2788 cardinal

196 2804 326 2851 Balue,
349 2804 440 2841 mais
461 2805 561 2841 alors
580 2805 701 2855 plutot
720 2819 865 2843 comme
885 2806 1100 2855 equivalent
1119 2807 1183 2845 des
1200 2808 1333 2846 fanons
1353 2808 1448 2846 dela
1461 2810 1584 2847 mitre.
