2037 3442
755 313 897 348 LIBER
925 313 1189 350 SECUNDUS.
1630 314 1679 347 8:⁷3

277 393 445 438 discuti
479 394 608 452 fecit3
638 403 683 439 et
707 393 763 437 dc
788 410 842 438 ea
868 394 1058 439 materia
1085 394 1241 456 plures
1267 393 1328 438 ad
1363 409 1473 439 eum
1498 392 1680 439 libellos

277 471 673 533 conscripserunt.
704 470 909 531 Quibus,
940 487 1099 515 coram
1135 471 1271 515 cortis
1303 487 1329 515 a
1355 470 1464 515 sede
1491 480 1680 533 aposto-

276 547 363 593 lica
398 548 458 593 ad
484 547 870 609 cognoscendum
901 557 944 592 et
970 547 1282 609 judicandum
1315 547 1373 592 de
1407 546 1681 608 hujusmodi

277 626 470 670 materia
497 624 736 686 judicibus
765 623 1011 686 delegatis,
1040 622 1257 668 exhibitis
1294 633 1338 668 et
1374 633 1554 669 mature
1578 640 1682 686 per-

274 703 444 765 spectis
461 739 471 759 ⁷
493 720 576 764 per
595 702 787 748 eosdem
807 702 988 763 judices
1010 703 1057 746 in
1077 701 1379 758 sententiam,
1403 717 1546 762 quam
1567 701 1683 745 dixi-

274 795 402 837 mus,
430 779 600 824 exstitit
623 778 1010 836 condescensum,
1039 788 1083 823 et
1107 777 1359 833 sententia,
1389 787 1555 822 contra
1578 793 1682 822 eain

272 855 380 901 data
403 855 490 900 sub
517 855 771 917 Anglorum
795 856 1023 918 imperis),
1053 864 1228 899 cassata
1250 863 1294 899 et
1312 868 1547 898 revocata.

337 932 579 977 Mirabitur
611 933 764 978 forsan
795 932 981 992 aliquis,
1013 932 1048 976 si
1073 948 1098 977 a
1123 935 1223 976 Deo
1244 931 1384 976 missa
1411 940 1532 987 erat,
1560 947 1679 992 quo—

273 1009 418 1054 modo
437 1009 502 1054 sic
536 1010 638 1071 capi
663 1019 707 1053 et
730 1008 968 1071 suppliciis
1003 1007 1124 1053 affici
1151 1008 1380 1070 potuerit3
1409 1007 1492 1052 sed
1524 1007 1681 1051 nullus

272 1086 493 1131 admirari
530 1086 870 1131 rationabiliter
903 1085 1102 1148 poterit,
1133 1084 1213 1146 qui
1239 1085 1337 1129 sine
1371 1083 1464 1129 ulla
1499 1083 1680 1129 haesita·

274 1162 399 1207 tione
425 1161 572 1206 credit
597 1172 807 1207 sanctum
828 1171 1098 1206 sanctorum
1120 1161 1380 1206 Dominum
1402 1170 1447 1205 et
1470 1160 1678 1205 Salvato-

270 1254 369 1283 rem
395 1249 631 1299 nostrum,
666 1248 850 1285 sanctos
877 1237 1130 1301 prophetas
1160 1248 1206 1283 et
1245 1237 1484 1301 apostolos
1519 1253 1546 1283 a
1580 1240 1680 1282 Deo

270 1314 436 1359 missos
460 1315 522 1360 ob
540 1316 807 1361 doctrinam
830 1315 988 1361 salutis
1003 1325 1046 1360 et
1061 1315 1170 1360 fidei
1187 1316 1368 1377 Deique
1386 1314 1681 1359 voluntatem

270 1390 542 1437 hominibus
589 1392 924 1438 insinuandum
961 1401 1006 1437 et.
1046 1391 1492 1453 evangelizandum,
1542 1391 1681 1436 variis

268 1469 551 1515 cruciatibus
576 1480 620 1515 et
642 1469 880 1533 suppliciis
904 1469 1093 1514 affectos
1110 1504 1121 1525 ‚
1150 1468 1423 1532 triumphali
1456 1468 1680 1530 martyrio

267 1544 391 1590 hanc
416 1547 558 1592 vitam
594 1547 765 1592 finiisse
798 1545 1077 1604 mortalem3
1107 1562 1254 1608 quum
1291 1546 1433 1591 etiam
1471 1545 1679 1606 legamus

266 1623 313 1668 in
333 1627 477 1669 veteri
493 1628 791 1670 Testamento
815 1624 1044 1686 populum
1070 1623 1393 1678 israeliticum,
1416 1639 1443 1667 a
1467 1621 1678 1682 Deojus-

265 1717 368 1745 sum
386 1701 763 1747 Chananaeorunl
790 1710 949 1763 gentes
974 1700 1282 1745 exterminare
1305 1709 1351 1744 et
1380 1708 1545 1744 contra
1568 1714 1679 1743 suos

264 1776 424 1823 hostes
455 1789 500 1824 et
531 1778 754 1824 idolatras
778 1793 1011 1840 pugnare,
1038 1784 1131 1822 tam
1153 1785 1346 1840 propter
1372 1792 1455 1821 sua
1484 1785 1676 1838 peccata

265 1864 344 1899 aut
369 1854 563 1918 alicujus
589 1855 730 1901 etiam
748 1871 803 1900 ex
824 1855 930 1911 eis¹‚
959 1853 1211 1916 aliquando
1228 1853 1588 1917 praevalentibus
1612 1855 1677 1899 eis

264 1929 508 1992 hostibus,
535 1933 759 1978 cecidisse
783 1942 827 1977 et
854 1931 1097 1976 corruisse.
1125 1931 1240 1986 Quis
1264 1931 1390 1976 enim
1416 1933 1546 1976 novit
1573 1947 1675 1976 sen-

264 2024 368 2053 sum
392 2010 610 2068 Domini,
638 2019 718 2055 aut
740 2010 843 2071 quis
876 2007 1167 2054 consiliarius
1204 2007 1302 2069 ejus
1328 2008 1445 2052 fuit?
1472 2011 1577 2053 Non
1605 2017 1674 2052 ta-

265 2101 373 2130 men
411 2086 473 2131 ita
516 2086 612 2131 ha‘c
657 2086 886 2143 dicimus,
935 2085 1064 2148 quod
1110 2085 1323 2130 eamdem
1372 2084 1640 2131 Johannam
1657 2121 1668 2142 ‚

264 2161 409 2207 modo
435 2179 576 2224 quem
603 2163 803 2208 diximus
842 2179 897 2208 ex
922 2162 1011 2208 hac
1044 2163 1212 2208 misera
1243 2162 1336 2207 vita
1360 2172 1637 2225 praereptam
1656 2197 1667 2219 ,

264 2241 591 2302 apostolorum
610 2250 689 2286 aut
708 2250 978 2286 sanctorum
1000 2251 1261 2303 martyrum
1282 2240 1480 2285 velimus
1496 2239 1671 2284 meritis

263 2332 530 2379 coaequare3
558 2317 640 2363 sed
663 2317 793 2379 quod
820 2317 1013 2363 minime
1036 2317 1345 2380 repugnantia
1368 2325 1448 2361 aut
1471 2317 1591 2361 inter
1623 2332 1672 2361 se

263 2392 632 2457 incompatibilia
662 2403 957 2457 reputamus,
986 2405 1032 2440 et
1065 2394 1198 2458 quod
1226 2410 1253 2439 a
1292 2396 1422 2452 Deo,
1466 2392 1526 2438 ad
1560 2392 1671 2437 sub-

262 2471 549 2516 veniendum
575 2488 719 2533 regno
741 2481 784 2517 et
809 2473 934 2533 genti
950 2475 1238 2517 Francorum
1267 2470 1488 2516 adversus
1510 2470 1670 2516 hostes

262 2564 372 2593 suos
419 2548 662 2610 Anglicos,
703 2550 786 2612 qui
822 2559 934 2596 tunc
968 2566 1164 2612 regnum
1201 2549 1356 2612 ipsum
1392 2547 1669 2609 gravissime

266 2625 630 2689 opprimebant,
670 2626 729 2673 ad
762 2627 974 2690 ipsorum
999 2631 1288 2674 Francorum
1315 2625 1670 2688 Anglorumque

317 2784 351 2818 4.
384 2785 437 2819 La
457 2782 634 2834 symetrie
655 2783 702 2820 de
727 2784 763 2822 la
781 2784 918 2836 phrase
939 2782 1102 2833 exigerai
1109 2790 1121 2818 t
1140 2796 1250 2831 (suam
1270 2784 1445 2831 alicujtus,
1468 2790 1539 2820 ete.
