2037 3442
669 305 809 339 LIBER
838 304 1061 349 QUINTUS.
1485 304 1560 339 ‘259

170 394 288 425 surae
326 381 603 427 addicantur
640 384 815 429 miserae
866 385 1101 441 servituti;
1142 400 1244 445 quae
1280 399 1375 428 non
1411 384 1565 428 minus

172 456 320 516 gravis
342 467 480 519 atque
500 459 694 505 molesta
718 477 860 522 quam
891 460 1149 523 periculum
1181 459 1309 521 quod
1335 458 1393 504 ab
1417 459 1564 503 hosti-

173 531 258 577 bus
282 533 518 579 incurrere
552 546 768 597 possent,
798 537 892 580 imo
925 536 1109 596 gravior
1137 546 1260 580 certe
1291 545 1430 596 atque
1455 551 1565 579 mo-

173 607 331 652 lestior
356 626 453 654 esse
477 611 786 656 verisimiliter
813 612 959 673 possit
987 629 995 654 :
1029 611 1154 656 unde
1187 611 1358 656 talibus
1381 610 1468 655 sibi
1493 627 1565 656 re·

174 683 338 729 mediis
360 686 550 731 minime
576 703 693 749 opus
707 703 830 744 esse,
849 686 1098 749 quaeipsis,
1120 703 1222 748 quae
1237 686 1566 740 formidantur,

174 762 390 824 periculis
413 764 642 809 deteriora
668 773 845 821 essent,
871 773 914 808 et
938 763 1100 820 durius
1123 780 1203 808 eos
1227 763 1565 825 opprimerent.

237 838 423 884 Talibus
443 856 490 885 se
518 839 879 902 ssurdegalenses
904 849 947 884 et
964 842 1230 883 Vasconum
1249 838 1385 899 legati
1406 838 1571 898 allega—

176 913 382 959 tionibus
406 915 531 977 apud
553 932 706 976 regem
725 918 1037 972 Francorum,
1059 930 1145 976 pro
1161 912 1376 976 pollicitis
1396 912 1570 958 eisdem

176 991 564 1047 immunitatibus,
589 991 961 1036 constantissime
977 989 1312 1047 defendebant,
1340 989 1573 1052 supplices

176 1085 359 1131 semper
396 1069 440 1113 iu
478 1085 641 1113 eorum
678 1068 891 1131 primitus
924 1068 1092 1112 factam
1115 1067 1478 1130 postulationem
1504 1084 1574 1112 re-

176 1155 414 1190 currentes
429 1180 439 1200 ,
469 1154 697 1207 quatenus
721 1144 853 1205 regiae
877 1143 1103 1204 majestati
1130 1142 1359 1205 placeret,
1386 1158 1491 1205 quae
1511 1142 1575 1188 eis

177 1220 477 1281 promiserat,
496 1220 693 1265 fideliter
715 1220 863 1264 facere
881 1219 1142 1276 observari,
1170 1219 1574 1281 quemadmodum

177 1304 222 1339 et
244 1295 330 1357 ipsi
364 1294 634 1341 fidelitatem
663 1295 750 1340 sibi
776 1296 980 1356 juratam
1011 1294 1342 1340 inviolabiliter
1373 1305 1418 1341 et
1456 1295 1575 1340 inte-

178 1381 352 1417 merate
377 1389 559 1418 servare
580 1372 769 1418 vellent.
796 1372 887 1418 Sed
908 1372 980 1417 his
1006 1388 1103 1417 non
1139 1371 1458 1426 obstantibus,
1494 1388 1578 1435 per

177 1457 416 1494 exactores
446 1449 749 1511 pecuniarum
771 1485 782 1507 ,
817 1449 1086 1512 capitaneos
1111 1465 1164 1494 ac
1199 1448 1342 1494 duces
1376 1448 1577 1492 militum

177 1541 426 1587 persuasus
441 1543 519 1571 rex
533 1564 544 1585 ,
562 1543 727 1572 eorum
742 1543 902 1590 preces
918 1527 1111 1571 minime
1129 1526 1351 1572 exaudire
1367 1526 1546 1571 curavit
1564 1543 1575 1582 3

177 1601 260 1647 sed
300 1602 358 1646 ad
395 1603 692 1648 tolerandum
714 1638 723 1660 ,
768 1619 855 1666 pro
897 1603 1111 1648 custodia
1145 1603 1325 1666 patriae,
1367 1603 1579 1648 militiam

179 1678 317 1723 simul
354 1695 462 1723 cum
492 1678 677 1724 tributis
711 1689 756 1725 et
789 1678 1112 1724 exactionibus
1147 1695 1228 1724 eos
1263 1679 1578 1741 adjudicavit,

180 1754 421 1817 taliterque
437 1754 680 1818 expeditos
705 1756 764 1801 ad
788 1757 981 1819 propria
1001 1756 1194 1801 remisit.

663 1921 1003 1966 CAPITULUM
1038 1921 1094 1964 V.

207 2044 257 2077 Ex
281 2045 506 2089 responsione
524 2045 611 2078 facta
628 2045 746 2090 legatis
761 2046 964 2078 Vasconum
979 2071 988 2086 ‚
1006 2057 1079 2078 non
1103 2045 1213 2078 multo
1231 2053 1309 2091 post
1326 2044 1391 2090 ipsi
1409 2044 1562 2090 Anglicis

766 2116 800 2137 se
817 2103 1001 2137 dederunt.

252 2218 370 2260 Cum
392 2224 548 2260 autem
581 2215 667 2277 ipsi
695 2231 748 2260 ex
780 2213 895 2260 urbe
920 2214 1123 2260 Biturica
1147 2214 1194 2259 in
1227 2229 1319 2276 qua
1352 2212 1581 2276 expediti,

190 2301 240 2336 ut
265 2291 491 2350 diximus,
529 2290 733 2348 fuerant,
772 2290 818 2335 in
848 2290 1045 2353 patriam
1079 2289 1138 2335 ad
1161 2306 1271 2335 suos
1293 2288 1586 2335 contribulos

188 2369 506 2424 revertissent,
539 2376 678 2429 atque
707 2383 760 2412 ea
786 2382 888 2428 quae
916 2382 1000 2429 per
1028 2382 1109 2412 eos
1144 2375 1269 2428 gesta
1303 2366 1488 2411 fuerant
1518 2381 1588 2410 re·

188 2444 400 2490 tulissent
437 2452 481 2488 et
520 2443 717 2506 qualiter
754 2443 800 2487 in
837 2443 929 2488 suis
966 2441 1361 2506 postulationibus
1393 2442 1586 2487 minime

190 2521 380 2566 fuissent
410 2519 638 2578 exauditi,
674 2519 794 2564 miro
825 2519 969 2565 modo
1004 2536 1169 2564 omnes
1206 2520 1369 2564 incolae
1400 2519 1586 2565 illarum

191 2608 418 2643 terrarum
456 2596 778 2658 hujuscemodi
817 2596 973 2641 datam
1015 2613 1107 2641 suae
1147 2596 1474 2659 supplicationi
1514 2613 1586 2642 re-

190 2675 374 2739 pulsam
409 2690 525 2736 aegre
564 2674 792 2732 tulerunt,
832 2673 1147 2735 conjectantes
1181 2690 1234 2718 ex
1276 2673 1365 2718 hoc
1400 2690 1448 2717 se
1491 2689 1586 2717 non

191 2751 402 2797 dissimili
429 2760 567 2811 atque
594 2749 766 2813 dispari
792 2749 979 2795 tandem
1005 2749 1159 2795 addici
1182 2751 1413 2807 servituti,
1447 2765 1591 2812 quam
