2037 3442
678 331 819 365 LIBER
849 331 1061 366 TERTIUS.
1485 327 1554 367 131

650 518 987 561 CAPITULUM
1020 518 1075 558 X.

260 640 311 671 De
335 648 483 683 quatuor
507 639 713 672 exercitibus
730 639 773 671 ab
794 638 915 684 Anglia
935 637 1057 671 eodem
1076 646 1231 683 tempore
1253 637 1296 670 ad
1322 638 1470 671 diversas

698 697 892 742 provincias
914 696 1033 729 missis.

234 808 408 853 Eadem
432 817 703 870 tempestate
739 817 784 853 et
810 807 986 853 eisdem
1021 822 1152 869 paene
1184 805 1370 862 diebus,
1401 808 1560 868 Angli,

170 894 333 947 praeter
355 885 480 931 illam
508 885 840 930 Flandrensem
863 885 993 930 ducis
1017 884 1283 929 Glocestriae
1302 920 1311 939 ‚
1341 894 1432 928 tres
1455 883 1566 930 alias

170 961 490 1024 expeditiones
510 961 721 1007 fecerunt
739 979 747 1005 :
772 978 912 1007 unam
935 961 980 1005 in
1000 960 1190 1023 propria
1204 970 1325 1005 terra
1343 960 1567 1006 adversus

170 1040 334 1083 Scotos
357 1038 461 1099 qui,
495 1054 603 1082 cum
626 1037 802 1083 Jacobo
819 1041 846 1093 ¹,
876 1053 983 1098 rege
1009 1053 1118 1093 suo,
1147 1046 1258 1082 tunc
1280 1053 1305 1081 e
1328 1036 1483 1082 Scotia
1508 1037 1567 1082 ad

171 1114 371 1159 ducenta
408 1113 549 1158 millia
574 1114 823 1159 hominum
861 1122 906 1157 et
943 1112 1172 1175 amplius,
1200 1122 1252 1157 ut
1289 1112 1412 1158 fama
1435 1123 1564 1173 erat,

172 1199 488 1252 erumpenteS,
511 1192 637 1253 regni
661 1190 912 1251 Anglorum
934 1189 1050 1234 fines
1070 1190 1352 1235 invaserant.
1378 1190 1467 1235 Sed
1485 1207 1569 1236 co-

172 1284 270 1312 mes
292 1266 350 1311 de
376 1267 804 1313 Nortlmmberlaml
824 1284 934 1312 cum
969 1266 1208 1312 nonnullis
1237 1267 1336 1312 aliis
1367 1268 1570 1329 regionis

174 1342 296 1388 illius
333 1342 594 1399 nobilibus,
636 1344 829 1390 collecta
863 1361 918 1389 ex
948 1344 1067 1406 agris
1105 1353 1151 1389 et
1183 1344 1346 1389 vicinis
1384 1345 1570 1407 oppidis

173 1418 337 1483 populi
375 1420 701 1479 multitudine,
742 1420 874 1467 facile
913 1429 957 1465 et
991 1421 1090 1465 sine
1124 1420 1333 1483 periculo
1373 1432 1571 1467 conatus

172 1498 499 1559 hujuscemodi
518 1498 827 1543 multitudinis
846 1500 1094 1543 Scotorum
1113 1498 1328 1560 repressit
1346 1535 1356 1557 ,
1384 1498 1443 1543 ad
1460 1516 1570 1562 pro-

175 1576 369 1638 priaque
396 1574 604 1637 refugere
628 1575 872 1638 compulit.

240 1650 388 1696 Aliam
434 1650 780 1713 expeditionem
825 1652 872 1695 in
913 1649 1246 1695 Normanniam
1281 1649 1412 1694 duxit
1458 1660 1571 1695 tunc

175 1744 283 1772 cum
310 1743 478 1789 magna
501 1728 645 1773 classe
678 1744 730 1774 ac
756 1727 953 1773 militum
976 1725 1297 1785 multitudine,
1324 1726 1383 1772 ad
1407 1727 1571 1773 decem

175 1803 318 1849 millia
344 1804 552 1849 virorum
578 1803 651 1849 vel
673 1804 899 1866 amplius,
927 1803 1018 1848 dux
1042 1801 1295 1861 Eboraci²3
1320 1804 1427 1865 qui,
1460 1821 1568 1849 cum

175 1880 234 1925 ad
248 1879 405 1926 littora
428 1879 741 1926 Caletensium
756 1880 1035 1943 appulisset,
1060 1880 1355 1942 Fiscampum
1381 1896 1570 1926 monas-

177 1957 371 2002 terium3
390 1957 568 2018 insigne
593 1957 800 2014 obsedit,
827 1956 956 2019 quod
986 1973 1081 2002 non
1105 1972 1251 2020 parvo
1285 1957 1446 2003 labore
1483 1975 1570 2004 nec

177 2033 276 2077 sine
296 2048 467 2095 magno
487 2034 557 2078 sui
580 2034 806 2079 exercitus
823 2033 998 2078 damno
1016 2033 1272 2095 acquisivit.
1294 2037 1411 2080 Nam
1429 2052 1571 2098 prop-

180 2118 249 2153 ter
272 2109 580 2154 vastationem
603 2109 724 2154 illius
750 2109 907 2170 patriae
924 2146 935 2168 ,
961 2125 1102 2171 quam
1131 2126 1270 2171 supra
1295 2110 1566 2170 retulimus,

177 2184 368 2247 plurimi
392 2185 523 2229 famis
546 2184 701 2229 inedia
718 2223 729 2243 ,
754 2185 860 2230 tabe
883 2195 1020 2248 atque
1038 2186 1311 2248 pestilentiae
1338 2188 1430 2233 telo
1461 2205 1571 2233 con-

177 2262 351 2324 sumpti
373 2271 479 2306 sunt
503 2262 549 2306 in
573 2263 732 2307 castris
758 2263 866 2307 suis.
892 2265 944 2308 Et
962 2262 1293 2321 nihilominus,
1320 2275 1570 2327 postquam

176 2340 335 2384 locum
361 2338 488 2383 illum
516 2339 562 2383 in
588 2339 878 2384 deditionem
914 2350 1178 2403 receperat,
1220 2341 1380 2402 paucis
1412 2352 1571 2404 postea

176 2416 382 2461 decursis
402 2416 596 2473 diebus,
622 2432 706 2478 per
729 2416 982 2478 quamdam
1003 2417 1356 2462 subterraneam
1381 2435 1570 2482 specum

180 2493 350 2556 Anglos
381 2492 572 2555 quidem
612 2493 856 2551 latentem,
892 2494 972 2539 sed
1009 2494 1082 2539 his
1118 2495 1303 2541 Francis
1348 2496 1428 2558 qui
1464 2497 1573 2543 inde

230 2631 267 2664 ’1.
301 2631 366 2665 Jac
396 2641 460 2665 ues
482 2631 542 2665 10‘.

232 2689 270 2724 2.
301 2690 354 2724 Le
369 2641 446 2723 (duc
467 2685 608 2724 d'York
623 2717 632 2732 ‚
663 2687 851 2735 Richard,
875 2687 993 2724 choisi
1013 2686 1171 2724 d’abord
1193 2701 1291 2738 pour
1312 2690 1521 2740 remplacer
1541 2693 1574 2729 le

181 2746 255 2784 duc
271 2747 318 2784 de
336 2747 515 2785 Bethford
537 2748 628 2784 dans
649 2748 683 2784 le
701 2756 999 2798 gouvernement
1015 2747 1062 2786 de
1079 2748 1113 2785 la
1134 2749 1288 2784 France.

233 2809 268 2842 3.
302 2805 492 2855 L'abbaye
516 2806 562 2843 de
581 2807 755 2857 Fecamp.
