2037 3442
381 353 455 388 268
755 352 1093 388 HISTORIARUM
1121 353 1298 389 CAROLI
1325 355 1393 390 vn

383 434 749 490 misericordia'3
776 443 821 478 et
855 434 948 490 sic,
977 433 1108 493 juxta
1141 435 1419 480 sententiam
1455 435 1575 481 beati
1611 437 1769 482 Jacobi

380 510 602 572 apostoli,
625 509 855 571 judicium
890 509 931 553 ei
956 510 1057 554 sine
1085 511 1399 556 misericordia
1424 511 1656 557 redditum
1678 521 1768 570 est,

380 586 459 647 qui
501 585 599 630 aliis
640 585 1010 630 misericordiam
1045 602 1140 630 non
1175 585 1369 642 fecerat,
1419 598 1464 632 et
1501 588 1580 650 qui
1620 587 1772 648 gladio

380 662 552 707 multos
591 671 905 724 percusserat,
941 661 1094 722 gladio
1127 673 1171 707 et
1207 663 1333 726 ipse,
1366 664 1499 725 juxta
1524 664 1774 709 Salvatoris

381 754 572 795 vocem,
610 738 761 800 periit.
795 741 960 782 Fuerat
990 738 1116 782 enim
1140 755 1284 784 saevus
1308 739 1566 784 admodum
1598 749 1641 783 et
1668 756 1771 784 cru·

379 814 493 859 delis
517 814 563 859 in
590 817 792 858 Francos
808 850 818 870 ,
850 813 974 858 unde
1003 813 1063 858 ad
1087 813 1303 859 ultimum
1328 831 1488 877 parem
1522 814 1609 859 sibi
1634 815 1771 859 etiam

379 891 527 935 vicem
550 889 823 935 retulerunt.

441 967 559 1012 Talis
583 968 721 1028 igitur
743 966 847 1011 finis
871 966 955 1012 fuit
979 966 1178 1012 domino
1204 968 1261 1014 de
1295 968 1494 1013 Taleboc.
1524 972 1630 1024 Quo
1655 985 1773 1014 caeso

381 1043 574 1105 fusoque
605 1043 808 1088 exercitu
831 1059 939 1099 suo,
967 1044 1169 1105 reliquiae
1186 1080 1196 1099 ,
1223 1061 1325 1106 quae
1349 1061 1587 1107 superesse
1612 1054 1775 1107 potue-

379 1130 511 1178 rant,
540 1121 659 1166 intra
682 1120 913 1183 oppidum
934 1121 1224 1166 Castellionis
1256 1121 1497 1166 obsessum
1525 1121 1701 1182 majore
1721 1140 1772 1167 ex

379 1205 509 1257 parte
547 1212 593 1240 se
628 1206 931 1258 receperunt,
966 1195 1043 1240 tali
1073 1195 1251 1257 refugio
1288 1195 1523 1241 districtos
1558 1196 1604 1240 in
1644 1212 1774 1241 suam

379 1287 540 1316 necem
565 1271 742 1333 gladios
766 1272 1031 1316 evadentes.
1066 1271 1294 1317 Pedestris
1317 1282 1472 1317 autem
1506 1272 1585 1333 qui
1609 1272 1776 1317 subse-

378 1346 608 1408 quebatur
645 1347 894 1403 exercitus,
926 1347 1084 1392 audita
1116 1347 1387 1409 hujusmodi
1418 1348 1574 1405 clade,
1611 1349 1775 1410 suique

378 1423 511 1468 ducis
536 1434 581 1469 et
607 1424 794 1485 majoris
818 1424 960 1487 partis
991 1425 1217 1486 equestris
1252 1425 1422 1469 militiae
1445 1441 1498 1469 ac
1523 1423 1776 1469 nobilitatis

380 1501 706 1563 peremptione
749 1501 981 1556 exterriti,
1028 1500 1198 1563 pedem
1237 1509 1360 1545 retro
1398 1500 1674 1556 referentes,
1716 1501 1772 1546 ad

377 1577 566 1637 propria
589 1576 873 1637 refugerunt.
903 1576 1213 1622 Postmodum
1236 1593 1348 1621 vero
1364 1614 1375 1635 ,
1403 1576 1519 1621 infra
1546 1576 1741 1622 biduum
1761 1613 1771 1632 ‚

378 1651 552 1696 obsessi
588 1668 668 1714 spe
702 1653 852 1698 solatii
888 1652 1304 1714 subventionisque
1332 1652 1676 1714 consequendae
1698 1652 1776 1696 de-

377 1728 548 1787 stituti,
584 1729 817 1774 victorum
857 1729 1049 1774 arbitrio
1092 1729 1256 1791 oppidi
1297 1728 1584 1774 deditionem
1628 1728 1775 1774 facere

378 1804 528 1849 coacti
553 1807 701 1849 sunt².

441 1881 491 1924 ln
506 1896 562 1924 eo
582 1881 746 1942 proelio
773 1881 958 1937 Franci,
982 1890 1250 1925 constanter
1273 1891 1316 1925 et
1336 1890 1523 1926 strenue
1541 1889 1776 1943 exspecta·

376 1956 456 2013 tis,
482 1966 530 2000 ut
552 1956 777 2014 diximus,
800 1956 1041 2016 hostibus,
1073 1956 1372 2001 dimicarunt.
1405 1957 1637 2018 Praecipue
1666 1973 1775 2001 vero

375 2031 831 2077 commendabantur
854 2033 1021 2078 milites
1045 2049 1098 2077 ex
1124 2032 1359 2077 Britannia
1378 2033 1638 2090 Armorica,
1657 2048 1777 2094 quos

429 2204 466 2240 1.
499 2202 612 2238 Selon
642 2215 716 2239 une
741 2202 900 2239 relation
927 2203 1040 2240 ecrite
1075 2203 1109 2239 le
1136 2201 1419 2239 surlendemain
1448 2202 1495 2239 de
1530 2202 1563 2238 la
1594 2200 1747 2238 bataille
1765 2230 1774 2246 ‚

380 2279 394 2292 u
419 2261 474 2297 fut
494 2261 584 2298 ledit
606 2260 790 2297 Thalebot
818 2261 887 2297 mis
912 2263 931 2297 a
958 2270 1057 2297 mort
1077 2274 1147 2311 par
1168 2274 1216 2297 un
1238 2260 1402 2303 archier,
1431 2259 1554 2308 lequel
1582 2259 1634 2294 lui
1663 2258 1776 2295 bailla

375 2320 488 2357 d'une
509 2321 619 2370 espee
640 2334 708 2371 par
733 2321 782 2357 mi
804 2321 837 2356 le
859 2320 1100 2367 sondement‚
1124 2320 1316 2356 tellement
1335 2319 1474 2368 qu’elle
1498 2318 1613 2354 vuida
1634 2330 1702 2367 par
1725 2317 1775 2353 mi

375 2379 409 2415 la
439 2393 568 2430 gorge.
596 2396 611 2410 n
648 2379 845 2426 (Bibliotlzv.
884 2381 931 2414 de
960 2372 1100 2414 l'Eeoh²
1123 2381 1188 2414 des
1217 2380 1359 2414 Μανίας
1377 2407 1386 2424 ,
1423 2387 1444 2416 t.
1484 2380 1558 2420 ΙΙΙἹ
1591 2379 1629 2412 2⁰
1650 2377 1772 2423 serie,

375 2451 413 2487 p.
436 2440 548 2485 ⁶216).
582 2442 634 2475 La
658 2439 809 2475 version
836 2437 882 2474 de
904 2441 939 2475 J.
962 2438 1133 2475 Chartier
1162 2438 1350 2487 complete
1384 2450 1445 2473 ces
1482 2436 1608 2472 divers
1636 2436 1774 2472 temoi—

374 2509 513 2546 gnages
528 2514 534 2532 :
556 2516 571 2530 «
588 2498 642 2534 fut
656 2497 810 2534 atteinte
826 2497 944 2547 d'ung
960 2510 1058 2546 coup
1075 2497 1121 2533 de
1139 2496 1357 2533 coulevrine
1377 2496 1411 2532 la
1426 2495 1644 2544 hacquenee
1664 2494 1775 2530 d'ice-

374 2555 439 2604 luy
463 2555 631 2602 Talebot‚
653 2556 846 2593 tellement
873 2556 1011 2605 qu'elle
1030 2556 1143 2593 cheut
1163 2555 1396 2591 incontinent
1422 2562 1523 2590 toute
1553 2562 1674 2589 morte
1709 2566 1776 2602 par

375 2622 473 2649 terre
490 2628 499 2658 3
522 2622 557 2649 et
580 2627 625 2650 en
642 2627 800 2650 mesmes
821 2622 941 2664 temps
959 2613 1130 2659 Talebot,
1149 2627 1214 2650 son
1238 2613 1401 2658 maistre,
1424 2613 1477 2649 fut
1493 2612 1670 2649 renverse'
1688 2612 1774 2648 des-

374 2686 461 2710 sous
477 2688 486 2718 3
503 2673 625 2721 lequel
649 2674 704 2709 fut
723 2673 956 2710 incontinent
973 2674 1035 2709 tue
1052 2686 1121 2723 par
1138 2673 1321 2722 quelques
1336 2671 1515 2709 archiers.
1538 2689 1551 2702 »ι

427 2733 466 2770 2,
497 2734 549 2766 La
575 2730 725 2766 bataille
751 2731 798 2767 de
816 2731 996 2768 Castillon
1018 2740 1081 2767 eut
1102 2731 1177 2767 lieu
1202 2731 1236 2766 le
1266 2733 1312 2766 17
1338 2730 1475 2777 juillet.
1515 2732 1565 2765 La
1589 2728 1692 2777 place
1714 2727 1767 2763 fut

376 2790 520 2827 rendue
538 2802 613 2826 aux
633 2789 807 2837 Francais
827 2790 862 2826 le
881 2789 1096 2827 lendemain
1116 2792 1180 2827 18.
