2037 3442
457 393 504 425 44
831 385 1123 422 HISTORIARU
1130 386 1164 418 M
1194 385 1371 420 CAROLI
1400 385 1466 418 Vll

456 468 608 514 civilia
638 475 775 527 atque
801 465 1042 522 intestina,
1070 479 1211 525 quam
1244 472 1431 508 externa
1455 473 1499 508 et
1520 463 1705 508 hostilia
1731 481 1843 526 per—

456 553 644 588 ventum
671 551 762 599 est,
790 550 993 585 retexere
1016 575 1027 595 ‚
1051 539 1161 584 inde
1184 556 1270 584 nos
1296 539 1628 585 rationabiliter
1650 539 1844 584 aestima-

457 636 561 664 mus
578 628 746 663 nostrae
760 617 902 662 totius
920 616 1197 661 narrationis
1214 616 1397 660 initium
1416 628 1554 677 atque
1573 615 1845 660 fundamen-

457 706 555 740 tum
578 695 756 757 jecisse.
780 696 894 740 Nam
919 703 964 738 et
990 693 1249 756 peremptio
1272 692 1402 737 ducis
1419 693 1841 749 Aurelianensium,

457 788 559 834 quae
595 781 735 835 caput
775 779 819 815 et
856 770 987 831 origo
1025 769 1238 813 omnium
1272 768 1586 813 calamitatum
1622 769 1669 813 in
1702 785 1845 830 regno

458 849 649 906 exstitit,
676 848 745 893 sui
781 846 1004 909 temporis
1035 845 1145 902 fuit,
1179 855 1223 890 et
1249 861 1306 890 eo
1333 845 1429 906 jam
1462 854 1573 890 nato
1602 844 1846 907 plusquam

459 925 695 988 septenni,
731 933 859 986 patre
896 923 1033 968 etiam
1081 938 1166 967 suo
1206 922 1304 983 jam
1338 930 1495 966 mente
1532 930 1692 984 capto,
1731 937 1847 966 con-

459 1003 573 1064 tigit.

523 1080 708 1123 Mortuo
743 1078 926 1139 itaque,
956 1085 1006 1120 ut
1039 1076 1278 1138 superiore
1312 1074 1552 1120 retulimus
1586 1073 1729 1128 libro,
1764 1077 1848 1120 Ca-

460 1155 559 1200 rolo
578 1158 660 1212 Vl,
688 1164 818 1217 pa*1·e
842 1170 949 1210 suo,
969 1153 1162 1198 Carolus
1176 1155 1255 1197 Vll
1279 1152 1326 1196 in
1347 1168 1540 1213 regnum
1566 1154 1850 1197 Francorum

461 1232 695 1288 successit,
714 1247 838 1275 anno
856 1230 1046 1276 Domini
1065 1245 1372 1284 M.cccc.xxn‚
1393 1245 1502 1273 cum
1515 1244 1692 1273 annum
1709 1230 1851 1274 {etatis

461 1318 614 1369 ageret
637 1308 818 1352 circiter
842 1307 1111 1352 vicesimum
1137 1304 1395 1350 secundum
1411 1307 1448 1362 1;
1470 1303 1599 1366 quod
1624 1304 1715 1349 suis
1736 1314 1850 1349 tem-

462 1383 676 1446 poribus,
695 1393 794 1428 tum
811 1382 1043 1427 diuturnis
1059 1381 1356 1427 causantibus
1374 1381 1546 1442 guerris
1565 1390 1610 1425 et
1626 1381 1852 1425 intestinis

461 1469 506 1504 et
538 1459 762 1514 externis,
797 1469 896 1503 tum
927 1459 1185 1521 regentium
1215 1474 1267 1503 ac
1296 1457 1496 1513 ducum,
1526 1456 1606 1518 qui
1635 1456 1721 1501 sub
1749 1457 1851 1518 ipso

461 1545 614 1593 erant,
656 1535 870 1580 socordia
906 1543 1044 1596 atque
1083 1534 1292 1595 ignavia,
1332 1543 1429 1578 tum
1468 1534 1605 1579 etiam
1644 1532 1854 1577 militaris

463 1611 714 1674 disciplinae
731 1622 774 1657 et
793 1611 970 1657 ordinis
989 1612 1208 1667 carentia,
1237 1621 1282 1656 et
1301 1620 1586 1656 armatorum
1604 1609 1853 1672 rapacitate

464 1697 601 1749 atque.
624 1688 896 1733 omnimoda
920 1688 1248 1746 dissolutione,
1273 1688 1332 1733 ad
1351 1698 1526 1733 tantam
1546 1687 1851 1732 vastationem

464 1764 714 1826 pervenit2,
738 1774 788 1808 ut
807 1780 831 1808 a
854 1764 1047 1809 flumine
1067 1765 1237 1826 Ligeris
1259 1781 1407 1826 usque
1427 1764 1486 1809 ad
1510 1767 1790 1825 Sequanam,
1809 1771 1852 1807 et

462 1840 570 1885 inde
594 1857 742 1902 usque
765 1840 825 1886 ad
848 1841 1042 1885 fluvium
1065 1843 1358 1897 Summonae,
1381 1840 1577 1884 mortuis
1595 1838 1667 1884 vel
1691 1840 1853 1901 profli-

463 1918 577 1979 gatis
596 1918 791 1972 colonis,
813 1934 976 1962 omnes
993 1917 1088 1978 agri
1111 1917 1269 1975 ferme,
1287 1927 1329 1961 et
1350 1917 1448 1961 sine
1470 1917 1669 1973 cultura,
1691 1925 1734 1960 et
1753 1916 1851 1960 sine

463 1993 648 2056 populis
672 2009 696 2038 a
723 1992 892 2054 quibus
915 1993 1003 2037 coli
1030 1993 1315 2055 potuissent,
1344 2009 1428 2055 per
1452 2008 1603 2036 annos
1627 1992 1853 2054 plurimos

464 2069 696 2132 longaque
743 2079 952 2132 tempora
996 2069 1363 2131 permanserint3
1410 2068 1568 2131 paucis
1615 2067 1855 2113 dumtaxat

463 2146 770 2209 portiunculis
807 2155 935 2190 terrae
969 2146 1192 2207 exceptis,
1221 2146 1265 2189 in
1304 2144 1498 2206 quibus,
1536 2145 1571 2189 si
1606 2143 1719 2206 quid
1755 2154 1855 2189 tum

463 2222 721 2279 colebatur,
767 2222 929 2285 procul
963 2238 987 2266 a
1011 2221 1295 2277 civitatibus,
1322 2221 1507 2284 oppidis
1534 2221 1604 2265 vel
1633 2220 1851 2273 castellis,

462 2308 654 2362 propter
676 2298 952 2361 praedonum
977 2297 1182 2344 assiduas
1212 2297 1526 2353 incursiones,
1551 2297 1735 2342 extendi
1760 2313 1854 2342 non

464 2385 661 2439 poterat.
698 2374 893 2420 Inferior
922 2385 1077 2420 tamen
1116 2374 1402 2419 Normannia
1437 2375 1481 2418 in
1516 2374 1773 2435 Bajocismo
1813 2382 1857 2418 et

466 2451 812 2509 Constantium,
853 2467 908 2496 eo
945 2451 1073 2513 quod
1095 2450 1181 2495 sub
1219 2450 1471 2512 Anglorum
1494 2450 1671 2495 ditione
1704 2450 1855 2495 consi-

470 2539 609 2585 stenS,
635 2528 693 2574 ab
732 2528 1078 2574 adversantium
1114 2526 1453 2572 munitionibus
1476 2527 1660 2589 longius
1677 2526 1851 2582 aberat,

521 2666 558 2699 1.
590 2663 618 2698 Il
634 2663 775 2699 n’avait
793 2676 865 2712 que
883 2663 988 2713 vingt
1001 2676 1066 2699 ans
1083 2670 1119 2699 et
1137 2662 1250 2707 demi,
1271 2662 1372 2698 &tant
1391 2662 1438 2698 ne
1455 2663 1488 2699 le
1510 2664 1557 2698 ⁰22
1581 2663 1718 2700 sevrier
1740 2664 1854 2699 1402.

521 2722 558 2755 ⁶2.
591 2724 639 2757 Ce
660 2721 723 2769 qui
744 2722 816 2757 suit
833 2722 882 2758 (lu
904 2723 1053 2771 present
1074 2721 1308 2772 paragraplie
1326 2734 1346 2757 a
1369 2721 1426 2758 cte'
1446 2722 1623 2758 intercal&
1643 2736 1733 2758 avec
1748 2721 1857 2770 quel-

472 2793 563 2830 ques
583 2780 849 2830 changements
866 2781 958 2817 dans
974 2781 1026 2817 les
1046 2784 1210 2816 Ammles
1229 2783 1414 2816 Flandrioe
1435 2781 1479 2817 de
1503 2784 1644 2829 Meyer,
1670 2780 1732 2816 lib.
1755 2782 1855 2816 XVI.

528 2843 563 2876 3.
595 2842 646 2876 Le
667 2839 794 2875 Bessin
815 2848 850 2874 ct
869 2840 904 2875 le
923 2840 1107 2876 Cotentin.
