2037 3442
399 318 473 352 204
775 310 1117 348 HISTORIARUM
1144 310 1325 345 CAROLI
1350 310 1419 344 VII

400 406 630 459 quatenus
648 392 942 438 declararent
961 391 998 436 si
1018 389 1242 436 mandato
1263 389 1383 451 regis
1401 391 1707 448 Francorum,
1729 391 1802 435 vel

400 472 544 535 ipsius
558 469 769 527 nomine,
790 469 889 514 haec
903 468 1120 528 egissent,
1138 466 1270 529 quod
1288 464 1560 528 hujusmodi
1577 463 1805 528 oppidum

400 558 586 608 treugas
606 545 831 591 violando
856 545 918 590 ita
941 552 1265 607 occupassent.
1289 543 1381 598 Qui
1401 542 1566 599 duces,
1595 558 1705 587 cum
1731 558 1807 587 su-

401 639 485 686 per
509 622 602 666 hoc
626 637 710 684 per
731 619 953 666 heraldos
968 618 1157 682 [essent]
1186 618 1421 681 requisiti,
1448 617 1656 681 quodam
1678 617 1808 663 velut

402 706 731 759 stratagemate
753 697 849 756 usi,
890 695 1238 760 responderunt
1260 711 1307 740 se
1332 711 1419 740 nec
1441 695 1664 740 mandato
1688 695 1807 757 regis

403 778 692 820 Francorum
712 811 723 833 ,
757 789 846 818 nec
877 773 977 834 ejus
1002 772 1197 817 nominc
1230 771 1279 816 id
1309 771 1494 829 fecisse,
1528 771 1609 817 sed
1631 788 1679 816 se
1703 787 1810 816 vas-

405 853 544 899 sallos
564 869 617 899 ac
641 851 971 916 stipendiarios
995 850 1126 896 ducis
1153 851 1424 910 Britanniae,
1451 850 1595 913 ipsius
1617 850 1810 895 nomine

407 939 452 975 et
488 929 547 975 ad
582 929 679 991 ejus
718 928 999 986 utilitatem,
1026 927 1075 972 id
1106 926 1268 972 fecisse
1292 927 1340 971 in
1373 927 1651 988 injuriarum
1674 935 1812 988 atque

407 1005 692 1051 damnorum
723 1020 1083 1068 recompensam
1117 1020 1174 1049 ex
1210 1013 1368 1067 parte,
1395 1019 1498 1066 quae
1534 1002 1689 1048 eidem
1723 1001 1813 1047 do-

408 1083 538 1127 mino
563 1082 673 1128 duci
707 1081 954 1127 Britanniae
991 1080 1180 1142 suisque
1213 1079 1412 1125 subditis
1441 1081 1488 1125 in
1518 1079 1737 1142 captione
1768 1088 1813 1124 et

409 1160 678 1223 direptione
716 1159 881 1223 oppidi
913 1158 972 1204 de
1007 1157 1230 1220 Fulgeriis
1263 1157 1553 1216 intulissent,
1582 1173 1749 1219 seque,
1777 1156 1813 1200 si

410 1238 603 1285 facultas
621 1238 686 1283 eis
703 1237 911 1295 daretur,
935 1235 1213 1281 militaturos
1230 1234 1385 1280 eidem
1406 1234 1515 1279 duci
1537 1234 1595 1279 ad
1616 1234 1809 1295 majora.

479 1317 586 1359 Haec
609 1323 768 1359 autem
803 1329 1028 1376 responsa
1060 1329 1170 1357 eum
1205 1311 1348 1357 iidem
1381 1310 1561 1357 heraldi
1596 1312 1661 1356 eis
1696 1311 1817 1356 sacta

412 1391 554 1436 fuisse
579 1390 846 1436 retulissent
869 1389 978 1434 duci
1013 1390 1339 1448 Summerseti,
1368 1389 1545 1450 majore
1568 1389 1713 1434 animi
1736 1388 1817 1432 in·—

411 1467 686 1528 dignatione
708 1465 950 1524 urebatur,
987 1467 1284 1511 comminans
1320 1482 1369 1511 se
1391 1465 1522 1511 brevi
1546 1464 1739 1510 eosdem
1763 1480 1817 1510 ex

413 1553 647 1606 occupato
674 1541 899 1606 praedicto
930 1542 1110 1605 oppido
1141 1541 1390 1605 depellere.
1423 1544 1599 1587 Verum
1625 1539 1818 1604 quidem

413 1629 515 1665 erat
540 1619 699 1682 quod,
727 1620 774 1664 in
800 1619 942 1664 sacris
960 1619 1122 1664 litteris
1149 1635 1264 1681 quas
1283 1635 1371 1683 pro
1396 1617 1626 1663 soliditate
1649 1627 1820 1677 treugae

415 1695 546 1740 factae
575 1695 837 1758 Anglorum
876 1711 957 1740 rex
989 1695 1247 1740 tradiderat
1276 1696 1373 1757 regi
1400 1698 1713 1753 Francorum,
1735 1708 1821 1737 no-

416 1772 690 1818 minabatur
724 1772 818 1817 dux
856 1773 1101 1816 Britanniae
1137 1781 1362 1834 tanquam
1394 1771 1467 1817 vel
1496 1771 1708 1816 subditus
1748 1769 1821 1815 vel

418 1850 671 1896 foederatus
691 1848 845 1894 eidem
869 1848 1127 1910 Anglorum
1151 1850 1270 1912 regi,
1291 1848 1373 1894 sed
1390 1865 1487 1894 non
1513 1849 1643 1894 aliter
1659 1847 1817 1904 etiam,

421 1929 478 1972 in
502 1927 663 1973 litteris
682 1927 800 1971 datis
822 1943 907 1990 per
928 1930 1217 1972 Francorum
1239 1944 1395 1989 regem
1420 1928 1676 1988 Anglorum
1699 1925 1819 1985 regi,

420 2016 517 2052 erat
547 2006 674 2051 idem
701 2005 949 2051 Britanniae
983 2006 1079 2050 dux
1110 2006 1390 2051 nominatim
1428 2014 1475 2050 et
1504 2019 1717 2067 expresse
1750 2003 1823 2047 in—

428 2093 596 2129 sertus.
638 2082 774 2128 Unde
806 2082 974 2128 merito
991 2120 1002 2140 ,
1028 2099 1137 2128 cum
1170 2099 1225 2128 ex
1256 2093 1454 2145 utraque
1477 2082 1680 2145 partium
1706 2089 1824 2126 esset

420 2249 660 2287 mentionne‘s
678 2248 725 2284 ici
745 2261 814 2298 par
835 2248 998 2285 Thomas
1022 2247 1147 2286 Basin.
1169 2251 1268 2285 Tous
1287 2248 1341 2284 les
1366 2246 1642 2296 chroniqueurs
1665 2246 1825 2296 srancais

419 2317 637 2354 nominent,
660 2320 710 2343 au
730 2307 807 2344 lieu
827 2306 874 2344 de
900 2306 1028 2343 Pierre
1050 2306 1096 2343 de
1122 2307 1258 2353 Bre'ze,
1289 2310 1383 2343 Jean
1403 2306 1450 2343 de
1471 2306 1587 2343 Breze
1615 2319 1684 2343 son
1710 2306 1822 2342 frere.

420 2367 567 2405 Robert
590 2365 771 2412 Blondel,
793 2365 968 2402 d’accord
997 2378 1089 2403 avec
1115 2378 1187 2402 eux
1209 2379 1273 2403 sur
1296 2379 1339 2403 ce
1364 2366 1486 2417 point,
1513 2365 1662 2416 corrige
1691 2378 1826 2402 encore

422 2434 532 2462 notre
568 2434 705 2462 auteur
737 2424 1002 2460 relativement
1031 2437 1077 2461 au
1108 2425 1283 2475 seigneur
1310 2425 1357 2462 de
1392 2425 1535 2476 Bigars.
1568 2424 1691 2471 Voici,
1721 2424 1826 2461 selon

423 2485 504 2531 lui,
527 2484 634 2534 quels
655 2484 794 2520 etaient
812 2483 865 2520 les
881 2484 1087 2534 capitaines
1113 2485 1274 2534 franeais
1298 2501 1306 2522 :
1341 2503 1355 2517 ιι
1373 2485 1563 2522 Robertus
1584 2484 1630 2521 de
1648 2487 1827 2533 Floques,

429 2544 640 2593 vulgariter
679 2544 884 2593 Floquetus
922 2543 1065 2592 dictus,
1098 2544 1159 2581 vir
1178 2557 1286 2593 acer,
1318 2544 1358 2581 in
1387 2545 1502 2581 armis
1529 2543 1753 2593 perdoctus,
1786 2555 1828 2579 ac

430 2601 607 2638 dominus
645 2601 693 2638 de
733 2602 955 2639 Malo-Nido
989 2606 1197 2653 (Mauny),
1230 2604 1342 2641 ambo
1374 2603 1420 2640 de
1452 2602 1686 2640 Normannia
1710 2600 1826 2648 creti;

430 2672 588 2697 necnon
613 2660 805 2697 Johannes
840 2660 887 2697 de
919 2662 1133 2711 Bressiaco,
1162 2663 1269 2700 miles
1300 2671 1477 2700 strenuus
1506 2662 1553 2699 de
1588 2660 1826 2712 Andegavia,

432 2718 602 2756 jacobus
621 2718 669 2754 de
687 2719 791 2755 Bello
810 2723 938 2757 Monte
950 2752 959 2770 ‚
981 2721 1028 2758 de
1047 2722 1276 2773 Dalphinatu
1297 2732 1423 2769 ortus,
1444 2722 1554 2759 bellis
1575 2721 1792 2759 instructus.
1810 2736 1825 2750 ν)

430 2782 594 2816 Assertio
610 2783 863 2828 Normamziae,
880 2780 948 2817 lib.
967 2784 999 2825 Ι,
1018 2795 1052 2819 c,
1074 2796 1142 2818 vn.
