2037 3442
704 223 843 258 LIBER
882 224 1095 261 TERTIUS,
1526 227 1568 261 14
1575 228 1595 261 ὃ

206 305 410 361 mittere3
440 319 465 348 e
492 311 654 348 contra
690 304 859 363 Anglos
890 303 1151 350 defensioni
1189 304 1424 364 insistere,
1464 323 1595 352 scan-

204 381 366 426 dentes
385 380 540 425 hostes
572 379 798 442 dejicere,
824 382 871 426 in
896 398 975 427 eos
1002 382 1207 445 lapides,
1233 383 1358 444 ligna
1386 393 1431 429 et
1454 400 1595 431 omne

205 458 406 503 telorum
443 473 587 519 genus
620 458 898 516 immittere,
942 459 1168 504 ferventes
1200 476 1344 521 aquas
1373 460 1446 505 vel
1481 477 1597 522 quas

204 535 413 580 invenire
448 543 639 596 possent
682 534 1016 596 pinguedines,
1058 551 1275 580 accensas
1313 536 1506 581 sundere
1544 554 1597 583 ac

205 626 445 672 spargere,
472 627 558 672 pro
580 610 701 666 vita,
732 627 818 672 pro
844 609 990 654 salute
1015 627 1112 655 non
1136 612 1335 670 segniter
1359 611 1597 657 decertare

204 702 259 730 ac
285 686 505 732 dimicare
525 688 729 748 (certum
763 687 888 732 enim
915 697 1011 731 erat
1040 688 1104 732 eis
1129 688 1260 732 victis
1285 704 1381 732 non
1407 705 1597 750 speran-

205 761 315 806 dam
341 779 439 807 esse
463 779 549 824 pro
581 763 779 824 pecunia
803 762 1174 824 redemptionem
1194 799 1205 821 ,
1232 762 1315 807 sed
1347 765 1595 824 mortem),

206 853 291 882 nec
329 854 415 900 pro
452 838 596 899 gloria
633 847 734 882 uter
772 838 1024 900 imperaret
1056 855 1138 883 seu
1176 838 1320 882 victor
1352 838 1596 895 evaderet,

205 913 287 958 sed
307 923 406 958 uter
424 924 653 977 superstes
676 925 898 971 maneret,
923 914 1167 958 imminere
1187 923 1439 958 certamen.
1463 917 1600 976 Atqui

205 991 415 1054 profecto
446 992 597 1051 jactus
628 990 702 1035 ille
728 991 936 1035 assiduus
959 990 1366 1051 creberrimusque
1390 990 1597 1036 colubri—

206 1085 375 1114 narum
419 1085 472 1113 ac
513 1068 885 1131 serpentinarum
925 1067 1045 1111 vires
1089 1066 1368 1127 animosque
1402 1068 1600 1128 Anglicis

207 1144 339 1205 fregit
364 1153 502 1205 atque
526 1144 726 1189 abstulit.
758 1146 874 1188 Nam
898 1142 1080 1203 quoties
1105 1158 1226 1197 sese,
1253 1141 1313 1186 ad
1333 1142 1600 1205 propellen-

207 1220 320 1264 dum
341 1221 421 1281 qui
442 1220 586 1266 scalas
609 1218 1004 1275 conscendebant,
1025 1217 1299 1279 objicerent,
1323 1227 1417 1263 tam
1441 1236 1601 1282 exper-

209 1305 278 1340 tos
300 1295 420 1340 illius
445 1297 553 1342 artis
577 1297 821 1357 magistros
844 1311 923 1340 rex
954 1293 1158 1339 hahebat
1176 1331 1187 1353 ,
1217 1304 1294 1349 ut,
1324 1311 1600 1357 quemcum-

208 1387 298 1433 que
318 1372 364 1416 in
388 1389 525 1417 muro
551 1374 623 1418 vel
647 1373 761 1418 turri
787 1371 1026 1417 advertere
1050 1371 1335 1433 potuissent,
1358 1371 1481 1417 illico
1503 1373 1602 1418 sine

206 1449 416 1495 remedio
433 1452 561 1511 jactu
582 1451 748 1513 lapidis
772 1448 1040 1495 necabatur.
1069 1447 1322 1493 Ferebatur
1347 1448 1405 1493 ab
1427 1448 1499 1494 his
1522 1450 1603 1511 qui

207 1541 306 1570 rem
328 1525 565 1581 viderant,
585 1526 732 1588 quod,
760 1542 866 1571 cum
886 1525 945 1570 ad
966 1523 1318 1586 prohibendum
1343 1525 1602 1586 ingressum

207 1618 371 1647 eorum
408 1603 487 1664 qui
512 1603 570 1647 ad
598 1601 852 1664 quamdam
879 1600 1207 1646 validissimam
1237 1601 1405 1645 turrim
1440 1617 1603 1647 ascen-

206 1677 399 1737 debant,
424 1678 484 1723 ad
509 1679 736 1737 foramen,
764 1694 856 1739 qua
875 1676 1166 1739 ingrediendi
1186 1676 1260 1721 *via
1282 1676 1486 1739 patebat,
1516 1681 1603 1722 An-

208 1756 313 1817 glici
347 1771 495 1818 usque
532 1755 591 1816 ad
636 1770 885 1799 numerum
923 1753 1178 1812 sexdecim,
1220 1770 1277 1798 eo
1313 1753 1475 1816 quod¹
1509 1754 1602 1798 illie

207 1832 408 1877 maxime
434 1830 696 1894 periculum
716 1846 916 1894 praesens
936 1845 1032 1875 esse
1052 1828 1322 1885 cernebant,
1347 1831 1602 1875 successive

207 1925 329 1954 unus
354 1918 460 1972 post
489 1908 683 1953 alterum
710 1907 1036 1965 accurrissent,
1070 1922 1232 1951 omnes
1260 1906 1472 1969 lapidum
1500 1908 1602 1952 icti—

207 1985 295 2030 bus
325 1985 463 2030 fuisse
495 2001 741 2048 percussos
761 1984 1085 2046 dejectosque3
1114 2001 1232 2046 quos
1263 1994 1309 2030 et
1333 1985 1497 2031 Franci
1532 1986 1602 2030 in-

208 2064 469 2128 gredientes
503 2064 595 2109 illic
622 2066 667 2109 in
693 2081 788 2110 uno
812 2080 978 2110 acervo
1010 2074 1268 2127 prostratos
1295 2065 1600 2128 jacentesque

207 2143 505 2188 invenerunt.

273 2218 329 2263 Vi
348 2218 485 2280 igitur
504 2220 886 2281 Francorumque
908 2219 1202 2265 animositate
1225 2219 1351 2264 caesis
1364 2218 1602 2282 pulsisque

209 2295 268 2340 de
291 2294 436 2340 muris
461 2293 640 2356 AngliS‚
668 2310 746 2339 rex
772 2295 870 2359 ipse
903 2304 948 2340 et
983 2295 1053 2340 sui
1081 2295 1246 2340 milites
1285 2311 1369 2358 per
1413 2312 1601 2342 murum

208 2371 580 2418 conscendentes
600 2408 611 2430 ,
638 2371 867 2435 oppidum
898 2372 1050 2435 ipsum
1080 2373 1143 2417 ita
1177 2381 1495 2435 expugnatum
1527 2390 1603 2419 ce-

210 2459 396 2513 perunt.
452 2448 592 2505 Quod
645 2465 753 2494 cum
799 2450 985 2510 ingressi
1036 2458 1188 2494 essent
1211 2486 1222 2507 ,
1281 2465 1604 2513 quoscumque

210 2525 468 2589 Anglorum
502 2525 712 2571 invenire
743 2526 1026 2589 potuissent,
1077 2524 1255 2588 absque
1287 2526 1604 2573 misericordia

265 2676 300 2711 1.
333 2676 435 2711 Dans
454 2673 489 2710 le
511 2673 733 2721 manuscrit,
756 2676 942 2710 sexdecim
959 2678 1022 2723 qui
1039 2687 1078 2709 eo
1099 2675 1209 2722 quod.

316 2760 328 2785 ε
1374 2745 1422 2781 10
