2037 3442
734 289 875 325 LIBER
904 289 1114 336 QUINTUS
1562 289 1635 325 305

238 383 343 413 rum
374 377 622 433 tempestas
648 371 893 418 intulisset.
933 373 1192 418 Subsistere
1225 371 1364 433 igitur
1394 380 1440 416 et
1474 370 1636 417 subdi-

238 452 394 490 torum
425 455 519 490 tam
562 447 681 507 regis
711 463 854 509 quam
891 464 1088 493 suorum
1113 446 1276 493 maluit
1313 447 1637 511 tranquillitati

237 521 512 581 consulere,
545 538 688 584 quarn
726 539 886 568 rursus
919 524 1152 570 bellorum
1190 524 1310 570 faces
1348 524 1634 582 accendere,

236 613 339 659 quae
359 607 617 659 utcumque
652 599 887 645 exstinctae
919 599 991 645 vel
1014 601 1176 663 sopitae
1198 601 1362 647 saltem
1387 618 1486 648 esse
1509 600 1638 647 vide-

235 672 423 719 bantur.

692 824 1030 868 CAPITULUM
1066 825 1185 867 XIX.

292 945 454 989 Carolus,
473 946 688 980 Francorum
707 959 767 979 rex
787 973 795 988 ‚
816 946 972 992 increpat
991 945 1117 980 ducem
1135 944 1348 991 Burgundiae
1368 957 1434 992 pro
1454 944 1519 980 filii
1539 947 1592 980 sui

470 1006 662 1040 retentione
678 1014 711 1040 et
727 1006 858 1051 treugis
872 1017 956 1050 quas
972 1018 1052 1039 cum
1070 1005 1224 1050 Anglicis
1243 1004 1414 1038 servabat.

302 1113 406 1175 Egit
439 1121 598 1158 autem
627 1110 939 1175 legationibus
971 1111 1130 1158 multis
1162 1111 1358 1157 Carolus
1381 1127 1491 1170 rex⁷
1530 1127 1647 1173 quas

238 1189 418 1236 vicibus
434 1190 587 1245 ⁷variis
610 1189 671 1236 ad
701 1190 857 1253 ipsum
881 1189 1053 1235 ducem
1076 1189 1124 1234 in
1152 1187 1332 1252 oppido
1362 1187 1649 1234 Bruxellensi

240 1264 354 1327 (ubi
385 1265 675 1330 frequentius
703 1284 813 1313 cum
836 1283 920 1314 sua
948 1267 1079 1313 curia
1113 1265 1420 1329 morabatur)
1444 1265 1653 1311 destina-

237 1342 332 1401 vit,
358 1353 590 1406 quatenus
614 1344 761 1390 filium
787 1361 926 1390 suum
950 1343 1010 1390 ad
1028 1361 1076 1390 se
1098 1344 1336 1389 remittere
1361 1342 1435 1389 vel
1455 1359 1480 1389 e
1502 1343 1654 1406 patria

237 1435 321 1465 sua
344 1420 540 1483 pellere,
568 1438 656 1467 nec
680 1422 836 1484 ipsum
861 1421 907 1466 in
934 1421 1070 1466 terris
1093 1420 1189 1465 suis
1209 1420 1368 1465 fovere
1391 1419 1529 1465 vellet
1552 1437 1561 1463 ε
1583 1419 1654 1463 in-

238 1511 438 1559 crepans
460 1498 600 1543 etiam
620 1506 666 1543 et
686 1498 888 1559 graviter
907 1513 1018 1542 eum
1042 1495 1344 1553 insimulans,
1371 1495 1502 1558 quod
1526 1496 1647 1559 ipse,

237 1588 346 1618 cum
371 1573 588 1620 subditus
612 1584 656 1620 et
686 1574 909 1620 vassallus
932 1591 1043 1619 suus
1067 1582 1212 1630 esset,
1242 1590 1352 1618 cum
1378 1573 1473 1618 suis
1497 1583 1653 1618 vetus-

238 1648 426 1694 tissimis
456 1659 499 1694 et
523 1650 655 1712 regni
691 1650 763 1695 sui
799 1649 1016 1696 hostibus
1051 1659 1235 1711 treugas
1259 1649 1376 1694 inire
1400 1658 1445 1694 et
1467 1664 1653 1695 servare

237 1737 554 1788 praesumeret.
579 1727 671 1773 Sed
697 1727 757 1773 de
780 1727 877 1772 filio
899 1727 1093 1790 quidem
1116 1726 1339 1790 pellendo
1361 1726 1508 1772 domo
1532 1742 1614 1772 sua
1635 1763 1647 1784 ‚

240 1803 299 1849 ad
322 1820 482 1867 quam,
510 1805 653 1868 patris
676 1805 846 1849 timens
871 1804 1162 1863 inimicitias,
1191 1820 1239 1849 se
1262 1803 1533 1849 nullatenus
1555 1803 1651 1849 sol-

240 1880 468 1940 licitante,
508 1891 794 1945 procurante
841 1881 915 1927 vel
963 1880 1290 1940 desiderante,
1333 1881 1609 1944 confugerat
1636 1919 1647 1939 ,

241 1956 485 2021 Philippus
513 1958 786 2022 Burgundio
810 1975 920 2005 cum
941 1958 1189 2005 honestate
1215 1959 1337 2022 regis
1366 1959 1653 2005 desiderium

240 2033 499 2099 adimplere
528 2036 724 2081 minime
747 2053 884 2100 posse
908 2035 1222 2096 defendebat,
1250 2045 1301 2081 ut
1324 2052 1457 2093 eum,
1486 2036 1558 2081 vel
1581 2037 1654 2081 in-

242 2112 390 2157 vitum
415 2112 538 2175 patri
573 2112 806 2169 traderet,
844 2112 918 2159 vel
942 2113 1078 2159 terris
1105 2113 1200 2159 suis
1231 2112 1512 2176 expelleret;
1540 2129 1652 2158 nam

243 2189 370 2252 apud
393 2206 722 2253 quoscumque
744 2189 1050 2236 honorabiles
1077 2207 1157 2236 seu
1184 2189 1300 2235 alios
1318 2189 1468 2251 justos
1492 2205 1652 2236 rerum

242 2267 566 2326 aestimatores,
588 2282 769 2329 magnae
791 2276 985 2331 propter
1006 2267 1101 2313 hoc
1124 2266 1355 2326 infamiae,
1380 2267 1446 2312 uti
1470 2265 1650 2327 aiebat,

243 2355 288 2391 et
324 2344 571 2390 dedecoris
606 2353 885 2409 perpetuam
920 2343 1075 2390 labem
1117 2345 1407 2402 incurreret,
1447 2359 1653 2407 eumque

242 2422 331 2468 sibi
370 2423 606 2469 infensum
646 2422 884 2486 perpetuis
928 2421 1224 2486 temporibus
1257 2420 1363 2482 jure
1400 2419 1649 2482 redderet,

242 2501 493 2563 quoniam,
515 2500 777 2546 secundum
795 2499 986 2545 solitum
1007 2508 1185 2545 naturae
1202 2514 1421 2556 cursum,
1439 2496 1652 2544 futurum

242 2579 330 2625 sibi
349 2595 459 2625 eum
474 2593 632 2640 regem
653 2593 706 2624 ac
727 2577 978 2623 dominum
1002 2584 1269 2640 exspectare
1294 2574 1514 2634 deberet3
1539 2591 1654 2621 con-

242 2666 311 2702 tra
338 2656 414 2719 jus
442 2656 652 2718 gentium
679 2656 819 2702 etiam
852 2655 973 2712 fore,
1003 2655 1040 2700 si
1067 2671 1195 2711 eum,
1228 2653 1311 2717 qui
1348 2651 1555 2699 confisus
1592 2653 1653 2700 de

241 2749 325 2780 sua
350 2732 643 2779 humanitate
672 2742 813 2795 atque
846 2731 1140 2793 benignitate
1173 2730 1234 2777 ad
1265 2746 1313 2777 se
1336 2729 1650 2792 confugisset,

348 2824 361 2847 1
1415 2807 1464 2843 ⁹20
