2037 3442
695 295 835 328 LIBER
862 294 1077 330 TERTIUS.
1514 297 1586 331 129

195 387 326 438 parte
350 387 497 423 castra
536 386 780 440 posuerat,
808 376 964 439 pavidi
999 377 1296 439 exterritique
1339 378 1581 439 sugerunt,

198 453 353 499 relicta
385 453 593 516 profecto
628 454 675 497 in
710 453 868 498 castris
900 452 1102 516 plurima
1127 469 1319 499 annona
1351 470 1493 515 quam
1529 454 1587 499 de

197 528 353 574 butiro
385 540 430 574 et
459 529 683 585 cervisiis,
710 530 976 591 caeterisque
1010 545 1088 574 seu
1124 529 1182 574 ad
1207 530 1383 575 victum
1412 547 1492 576 seu
1529 531 1588 577 ad

196 603 306 649 belli
325 615 599 668 apparatum
620 606 908 660 necessariis,
932 605 1018 667 ipsi
1036 604 1261 666 Flamingi
1286 606 1365 651 illo
1387 607 1590 652 adduxe-

198 691 317 727 rant.
376 685 428 727 Et
476 683 539 726 sic
580 682 824 728 obsidione
874 681 1022 727 soluta
1068 682 1251 741 inglorii
1303 683 1592 746 infamesque

199 758 380 815 effecti,
411 759 611 822 plurima
650 760 769 823 passi
805 758 977 803 damna
1015 773 1171 802 rerum
1209 773 1398 802 suarum
1440 776 1587 819 quas,

199 853 291 898 prae
325 837 470 881 nimio
503 837 708 882 hostium
739 852 912 899 pavore
942 834 1284 896 relinquenteS,
1321 832 1594 895 abjecerunt

196 912 482 975 minimeque
522 914 728 958 tulerunt
768 911 828 958 ad
870 911 1084 974 propria,
1125 926 1293 971 magna
1339 910 1591 971 fugitarunt

198 1004 306 1032 cum
330 989 639 1035 festinatione.
674 989 968 1034 AEstimantes
1004 987 1129 1031 enim
1160 986 1318 1031 hostes
1343 1002 1369 1031 a
1393 996 1522 1047 tergo
1548 1004 1594 1032 se

197 1065 378 1126 insequi
407 1075 448 1109 et
475 1067 690 1111 cominus
721 1064 989 1122 imminere,
1018 1073 1066 1108 ut
1090 1062 1402 1125 expeditiores
1425 1063 1482 1109 ad
1523 1064 1592 1108 fu-

198 1157 303 1201 gam
327 1140 651 1199 redderentur,
670 1142 835 1186 loricas
852 1150 896 1185 et
917 1139 1129 1185 thoraces
1150 1148 1407 1201 caeteraque
1426 1139 1596 1201 quibus

199 1215 354 1259 onusti
391 1226 543 1260 essent
577 1234 703 1263 arma
736 1216 930 1280 turpiter
963 1216 1116 1279 plures
1151 1232 1206 1260 ex
1239 1215 1349 1277 ipsis
1377 1215 1596 1278 projicie-

199 1290 335 1347 bant3
366 1292 642 1354 «pedibus»
664 1295 805 1345 enim,
834 1303 883 1338 ut
907 1301 1042 1355 poeta
1066 1292 1290 1354 loquitur,
1320 1311 1340 1332 ι(
1365 1292 1507 1338 timor
1533 1293 1596 1338 eis

200 1367 377 1412 addidit
414 1368 524 1414 alas.
554 1391 572 1410 n
613 1370 810 1415 Vidisses
839 1386 973 1431 agros
1009 1379 1051 1413 et
1094 1369 1261 1427 fossas,
1299 1385 1391 1430 qua
1425 1370 1598 1432 quique

201 1453 411 1489 tenerent
443 1462 653 1499 cursum,
680 1447 818 1491 armis
849 1462 1125 1508 conspersos
1157 1455 1295 1507 atque
1320 1454 1470 1503 sato-23
1496 1463 1598 1508 qua¹

199 1521 426 1566 vecordiae
446 1532 584 1584 atque
602 1524 794 1584 ignaviae
811 1539 975 1568 eorum
999 1523 1076 1585 qui
1105 1539 1158 1578 ea
1182 1521 1473 1583 abjecissent,
1496 1524 1596 1585 qui·

199 1597 285 1642 bus
309 1597 464 1643 nullus
491 1608 599 1644 tunc
623 1599 898 1644 imminebat
935 1599 1105 1655 bostis,
1133 1597 1296 1644 efficax
1319 1608 1362 1642 et
1389 1598 1595 1644 validum

200 1676 522 1721 testimonium
548 1676 870 1739 pra¹ferebant.

263 1753 377 1807 Quae
403 1752 611 1815 profecto
648 1770 745 1797 non
770 1753 968 1797 dicimus
999 1760 1049 1796 ut
1084 1751 1282 1814 patriam
1315 1751 1461 1815 ipsam
1487 1768 1597 1813 gen-

201 1838 389 1890 temque
408 1828 633 1874 Flandriae
656 1829 840 1892 probris
861 1839 939 1874 aut
959 1828 1251 1874 contumeliis
1276 1829 1491 1874 insectari
1515 1840 1596 1876 aut

201 1906 421 1952 lacessere
455 1906 771 1951 intendamus.
807 1910 883 1951 Est
909 1907 1034 1951 enim
1069 1922 1177 1967 gens
1208 1905 1344 1951 valde
1368 1905 1594 1952 industria

201 1993 243 2028 et
276 1985 428 2029 omnis
449 1983 753 2029 humanitatis
786 1984 914 2028 cultu
945 1983 1263 2041 ornatissima,
1290 1985 1596 2046 quemadmo-

201 2061 315 2106 dum
342 2061 649 2123 insignissima
673 2061 847 2124 oppida
878 2071 1015 2123 atque
1034 2060 1223 2105 aedificia
1239 2097 1250 2118 ,
1280 2061 1449 2123 quibus
1474 2072 1595 2107 terra

200 2137 278 2182 illa
304 2137 491 2200 oppleta
513 2147 603 2195 est,
630 2137 994 2183 luculentissime
1018 2137 1328 2182 manifestant.
1361 2137 1450 2182 Sed
1484 2155 1593 2183 cum

201 2213 292 2258 sint
328 2213 413 2258 suh
450 2214 775 2276 hujuscemodi
813 2213 1278 2275 magnificentissimis
1312 2214 1442 2258 tectis
1466 2225 1510 2259 et
1545 2215 1590 2258 in

201 2290 374 2335 deliciis
397 2300 534 2353 atque
554 2293 650 2336 otio
670 2290 881 2348 enutriti,
906 2307 991 2335 nec
1014 2291 1298 2352 competenti
1322 2289 1381 2335 ad
1403 2306 1475 2335 res
1501 2290 1594 2336 bel-

200 2367 355 2412 lorum
381 2367 520 2412 duras
553 2378 690 2430 atque
723 2382 906 2430 asperas
945 2368 1158 2412 tirocinio
1186 2367 1313 2431 prius
1343 2366 1587 2413 assuefacti

200 2444 446 2506 duratique
469 2453 638 2500 essent,
666 2443 726 2489 ad
749 2444 855 2490 talia
883 2445 1035 2490 minus
1060 2444 1217 2491 idonei
1241 2445 1587 2503 inveniuntur¹,

256 2628 289 2662 l.
320 2625 391 2662 J'ai
417 2626 468 2662 du
494 2626 660 2677 changer
679 2625 715 2663 la
744 2626 998 2663 construction
1027 2626 1091 2676 qui
1112 2635 1166 2663 est
1186 2626 1271 2663 telle
1291 2625 1384 2662 dans
1405 2625 1438 2663 le
1458 2639 1592 2663 manu-

199 2684 286 2721 scrit
310 2699 317 2721 ε
349 2687 504 2735 «Atque
529 2685 606 2722 otio
631 2685 782 2722 enutriti
809 2685 855 2722 ad
884 2698 943 2722 res
966 2685 1154 2722 bellorum
1173 2684 1285 2721 duras
1307 2691 1420 2734 atque
1439 2697 1590 2735 aspera-z

203 2762 217 2777 κ
240 2758 309 2782 nec
330 2745 555 2796 competenti
578 2746 621 2782 ad
646 2745 732 2783 talia
751 2745 921 2782 tirocinio
941 2746 1044 2796 prius
1066 2744 1261 2782 assuefacti
1281 2775 1289 2791 ,
1310 2752 1380 2782 etc.
1406 2763 1421 2777 u

301 2835 314 2857 ι
763 2832 766 2835 ’
1387 2822 1408 2856 9
