2142 3473
492 276 541 310 14
858 270 1198 307 HISTORIARUM
1224 269 1403 308 CAROLI
1432 272 1501 308 VII

490 353 745 415 argenteis,
773 352 947 413 quibus
978 362 1237 414 martyrum
1269 368 1324 399 ac
1349 352 1672 399 confessorum
1709 353 1775 399 ibi
1810 353 1896 400 de-

491 430 743 492 votissimae
762 428 966 490 reliquiae
981 465 993 487 ‚
1020 444 1073 474 ac
1096 437 1196 474 toto
1220 428 1335 475 orbe
1355 430 1659 489 venerandae,
1688 447 1895 479 asserva-

490 507 664 552 bantur
689 516 735 553 et
765 504 1064 567 tegebantur,
1092 506 1326 569 parcitum
1354 505 1440 564 sit3
1471 507 1552 552 sed
1574 507 1805 570 quidquid
1837 507 1897 553 ad

489 598 686 629 manum
704 583 864 629 venire
887 582 1066 645 potuit,
1093 582 1142 627 in
1167 582 1381 645 rapinam
1409 591 1549 645 atque
1577 583 1785 647 praedam
1810 584 1898 629 mi—

490 658 747 707 serabiliter
774 658 955 705 abierit.
985 661 1201 714 Quantus
1230 674 1341 704 vero
1372 658 1545 704 abusus
1572 670 1898 706 matronarum

491 746 537 782 et
569 736 830 798 virginum,
869 743 1055 797 quantae
1089 733 1352 794 violentiae,
1390 744 1567 798 quanta
1604 735 1806 782 ludibria
1839 735 1899 781 de

490 814 603 878 ipsis
635 814 729 860 illic
765 812 925 859 habita
959 811 1078 872 sint,
1119 821 1163 858 et
1202 811 1380 875 ubique
1414 812 1463 857 in
1499 811 1720 857 omnibus
1754 812 1899 859 ferme

491 891 757 937 civitatibus
784 889 942 952 regni,
968 888 1028 934 ad
1051 904 1168 952 quas
1192 887 1453 934 scortandae
1486 898 1530 934 et
1564 889 1901 952 prostituendae

490 967 706 1015 adductae
716 967 807 1014 sint
823 1004 833 1025 ,
850 966 955 1030 quis
971 981 1161 1011 narrare
1184 963 1418 1011 sufficiat?
1435 965 1577 1011 Plena
1599 975 1698 1011 erat
1722 964 1780 1011 de
1795 965 1902 1029 ipsis

492 1046 656 1092 civitas
681 1044 971 1103 Parisiensis‚
990 1042 1130 1107 plena
1152 1043 1521 1105 circumquaque
1539 1041 1740 1106 oppida,
1761 1041 1902 1106 plena

492 1122 766 1169 militarium
801 1130 979 1180 castra,
1015 1120 1078 1166 ita
1115 1129 1166 1166 ut
1197 1136 1291 1166 suae
1312 1119 1587 1166 calamitatis
1624 1129 1669 1165 et
1704 1119 1900 1165 miseriae

493 1208 592 1245 tota
615 1198 790 1262 ubique
816 1198 945 1260 regio
969 1196 1098 1243 testis
1122 1206 1260 1242 esset.

558 1278 615 1321 Et
635 1275 775 1321 talem
791 1274 984 1337 quidem
1004 1274 1191 1338 plagam
1208 1273 1285 1320 illa
1300 1272 1474 1319 nobilis
1490 1281 1536 1319 et
1556 1273 1749 1336 antiqua
1766 1274 1901 1319 Sues-

491 1352 684 1397 sionum
704 1351 868 1397 civitas
907 1351 1114 1414 accepit,
1148 1366 1275 1396 anno
1313 1350 1508 1396 Domini
1540 1367 1593 1396 M.
1619 1366 1744 1396 cccc.
1774 1366 1897 1411 X1v.‚

491 1428 566 1474 die
591 1437 865 1474 sanctorum
887 1436 1149 1489 martyrum
1171 1426 1373 1490 Crispini
1392 1436 1438 1472 et
1456 1426 1762 1490 Crispiniani‚
1785 1442 1903 1488 quo-

491 1523 598 1552 rum
621 1521 826 1569 corpora
860 1503 925 1551 ibi
954 1505 1003 1550 in
1037 1504 1238 1550 solemni
1274 1503 1517 1564 coenobio,
1547 1503 1635 1549 sub
1670 1519 1727 1549 eo
1762 1503 1902 1550 titulo

492 1592 763 1629 constructo
804 1592 851 1628 et
885 1585 987 1627 Deo
1022 1581 1207 1639 dicato,
1234 1581 1496 1644 quiescunt.
1534 1581 1676 1644 Cujus
1708 1580 1902 1644 quidem

492 1659 638 1722 plagae
673 1659 943 1723 prodigium
980 1658 1087 1704 satis
1122 1658 1424 1705 manifestum
1471 1675 1557 1722 per
1593 1674 1745 1704 annos
1784 1674 1900 1721 qua-

494 1734 710 1798 draginta
769 1745 895 1781 retro
950 1744 1273 1797 processerat,
1330 1735 1497 1781 eadem
1556 1735 1741 1780 civitate
1798 1743 1901 1779 tum

495 1812 805 1858 maximarum
839 1810 1140 1869 divitiarum,
1181 1809 1477 1856 lasciviarum
1525 1820 1571 1856 et
1614 1810 1751 1856 luxus
1787 1826 1901 1856 exu-

494 1888 707 1935 berantia
743 1887 992 1946 affluente,
1025 1902 1135 1932 cum
1166 1885 1225 1932 ab
1249 1903 1345 1931 uno
1382 1903 1639 1950 puerorum
1676 1887 1898 1945 civitatis,

494 1965 576 2028 qui
606 1981 716 2010 cum
746 1963 846 2010 aliis
872 1963 965 2009 loci
997 1962 1154 2026 pueris
1192 1978 1218 2007 a
1247 1962 1471 2024 magistro
1502 1963 1796 2020 scholarum,
1824 1979 1901 2008 so-

494 2041 590 2087 latii
619 2051 664 2088 et
698 2041 983 2087 remissionis
1017 2039 1186 2102 gratia,
1214 2039 1443 2086 adductus
1479 2039 1539 2085 ad
1573 2057 1766 2103 campos
1803 2039 1902 2085 fue-

494 2128 591 2178 rat⁷
630 2117 791 2163 tabula
834 2116 1050 2180 quaedam
1092 2132 1149 2161 ex
1191 2115 1383 2161 metallo
1426 2115 1584 2161 fuisset
1623 2116 1812 2162 inventa
1852 2117 1898 2161 in

494 2194 644 2240 fundo
682 2194 835 2240 amnis
869 2193 962 2239 illic
999 2192 1314 2250 decurrentis,
1361 2192 1408 2236 in
1447 2208 1543 2254 qua
1571 2192 1774 2255 antiquis
1808 2195 1901 2238 Ro-

495 2287 748 2317 manorum
778 2268 1128 2316 characteribus
1154 2285 1208 2314 ac
1230 2267 1392 2313 litteris
1412 2267 1506 2314 hoc
1538 2268 1784 2315 inventum
1817 2269 1902 2315 suit

494 2348 723 2412 scriptum
750 2364 759 2394 :
796 2366 817 2389 ε(
844 2349 924 2392 Vae
949 2345 1064 2405 tibi,
1098 2346 1311 2404 Suessio,
1348 2344 1524 2408 peribis
1548 2355 1601 2391 ut
1622 2345 1847 2392 Sodoma.
1877 2364 1898 2389 »

496 2424 638 2481 Quod
671 2435 782 2470 tunc
815 2423 1010 2487 quidem
1046 2438 1211 2468 omnes
1234 2421 1356 2467 illius
1381 2422 1578 2468 civitatis
1604 2422 1830 2469 deterruit
1856 2431 1902 2468 et

496 2500 556 2546 ad
590 2501 825 2564 agendum
854 2500 1180 2564 poenitentiam
1213 2497 1422 2558 induxit3
1460 2498 1543 2545 sed
1574 2498 1764 2545 modico
1794 2508 1902 2562 post

497 2588 734 2642 tempore,
760 2579 883 2625 illius
911 2578 1115 2642 prodigii
1141 2576 1349 2624 obducta
1377 2577 1627 2632 memoria,
1670 2577 1717 2622 in
1738 2577 1900 2623 luxum

509 2666 555 2703 et.
590 2657 812 2720 pristinos
850 2673 1005 2702 mores
1041 2655 1210 2718 relapsi
1244 2664 1368 2700 sunt.
1408 2657 1501 2700 Nec
1536 2664 1692 2700 tamen
1724 2653 1900 2714 absque

498 2733 640 2797 digna
661 2749 748 2797 pro
772 2733 911 2779 tantis
940 2732 1204 2779 excessibus
1225 2731 1442 2779 mercede
1456 2767 1470 2790 ‚
1497 2741 1712 2779 auctores
1734 2730 1897 2792 hujus-
