2037 3442
750 309 891 343 LIBER
921 307 1134 343 TERTIUS.
1559 308 1627 343 151

248 386 307 432 ad
330 387 455 433 aliud
483 404 581 432 non
605 389 785 451 procul,
814 388 991 434 dictum
1015 389 1241 447 Poense'¹,
1272 387 1570 433 obsidionem
1589 397 1634 445 et

246 473 392 509 castra
423 465 608 511 locavit.
636 465 899 511 Adduxerat
919 482 973 510 ex
1001 466 1160 526 Anglia
1177 465 1223 509 in
1250 482 1332 511 sua
1354 464 1496 510 classe
1522 480 1631 527 por-

246 540 393 586 tatiles
418 551 585 604 pontes
608 558 660 587 ex
695 542 854 603 lignis,
888 541 1083 587 restibus
1111 552 1156 587 et
1183 543 1455 588 animalium
1484 551 1635 603 tergo-

245 616 374 661 ribus
402 634 484 679 per
506 628 659 681 partes
683 628 975 664 constructos
990 653 1001 673 ‚
1031 635 1139 663 cum
1162 619 1259 664 aliis
1282 618 1343 663 ad
1366 634 1635 681 expugnan-

246 692 328 738 das
374 694 513 740 urbes
553 705 692 757 atque
732 711 858 740 arces
902 695 1112 758 plurimis
1157 695 1367 758 petrariis
1414 705 1460 740 et
1499 696 1635 741 variis

244 769 476 817 bellorum
523 773 841 817 instrumentis
865 809 875 829 ,
928 788 1036 817 cum
1080 770 1247 833 quibus
1302 780 1346 815 et
1388 769 1635 815 latissimos

247 848 442 894 transire
467 850 661 907 ssuvios,
685 858 730 893 et
756 848 1040 893 firmissimas
1063 863 1381 909 quascumque
1404 846 1543 892 urbes
1564 847 1632 892 vel

248 939 376 969 arces
410 941 674 988 expugnare
717 924 893 987 absque
937 940 1106 985 magno
1152 923 1341 985 negotio
1387 923 1630 984 potuisset.

246 1000 335 1044 Sed
382 1010 474 1045 tam
520 1002 564 1045 in
609 1001 788 1046 irritum
840 1009 986 1062 atque*
1021 998 1278 1044 ludibrium
1323 1015 1485 1044 omnes
1537 999 1643 1061 ejus

246 1087 442 1121 conatus
481 1087 830 1139 processerunt,
861 1077 964 1121 lieet
1002 1085 1102 1121 tum
1139 1076 1184 1119 in
1214 1076 1347 1120 terris
1383 1076 1429 1120 in
1463 1075 1635 1137 quibus

246 1153 411 1213 agebat
442 1169 586 1215 parva
616 1164 734 1200 esset
769 1163 814 1198 et
851 1153 957 1199 satis
982 1152 1133 1197 tenuis
1161 1155 1447 1197 Francorum
1475 1152 1634 1197 militia

246 1228 324 1289 (eo
342 1228 488 1290 quod,
512 1240 560 1274 ut
583 1229 722 1292 paulo
743 1238 848 1274 ante
863 1229 1079 1286 diximus,
1097 1231 1384 1273 Francorum
1401 1245 1479 1272 rex
1494 1229 1636 1273 totius

245 1320 376 1366 paene
411 1307 540 1366 regni
575 1307 732 1369 copias
768 1322 927 1350 secum
963 1305 1011 1349 in
1049 1305 1342 1366 Aquitaniam
1375 1305 1632 1366 traxerat),

246 1381 377 1444 quod
403 1381 516 1426 illud
538 1393 740 1428 castrum
762 1383 962 1439 Poense',
992 1381 1305 1426 nonmultum
1330 1381 1525 1442 insigne,
1554 1382 1635 1426 sed

245 1458 377 1520 parvi
406 1459 512 1503 satis
544 1458 803 1516 momenti,
838 1457 968 1519 quod
990 1458 1089 1520 ipse
1129 1457 1210 1502 diu
1247 1457 1521 1514 obsederat,
1549 1474 1635 1503 nec

247 1549 545 1596 expugnare,
574 1551 660 1579 nec
684 1534 742 1580 ad
775 1533 1065 1579 deditionem
1089 1550 1252 1595 urgere
1282 1534 1512 1596 potuerit3
1553 1534 1636 1579 sed

246 1620 353 1673 post
377 1611 496 1656 duos
517 1612 697 1656 circiter
720 1627 901 1656 menses
918 1628 1036 1673 quos
1050 1612 1097 1656 in
1119 1627 1175 1657 eo
1190 1627 1332 1674 opere
1346 1627 1469 1656 vano
1495 1621 1636 1673 atque

246 1688 398 1733 inutili
436 1688 713 1745 detriverat,
764 1687 1010 1733 obsidione
1050 1688 1229 1746 soluta,
1272 1687 1485 1733 inefficax
1525 1705 1635 1734 cum

246 1783 376 1830 paene
402 1782 484 1812 sua
508 1776 607 1812 tota
630 1782 774 1829 quam
797 1766 989 1826 duxerat
1011 1776 1167 1827 gente,
1194 1782 1278 1830 per
1300 1766 1637 1812 Baiocismum²

248 1860 466 1888 remenso
492 1843 633 1902 mari,
676 1844 724 1888 in
752 1842 962 1905 Angliam
988 1859 1095 1888 cum
1120 1843 1297 1906 ingenti
1327 1838 1559 1889 dedecore
1592 1853 1637 1889 et

247 1920 521 1965 confusione
545 1920 832 1982 permaxima
856 1920 1058 1965 redierit.

311 1998 430 2041 Cum
456 2006 611 2042 autem
640 1997 739 2059 ipse
765 2013 874 2041 cum
896 2006 1022 2042 tanta
1044 2012 1252 2043 reversus
1275 2006 1392 2042 esset
1414 1996 1632 2054 infamia,

247 2084 291 2119 et
315 2073 374 2119 ab
407 2073 661 2134 Anglorum
684 2073 974 2137 principibus
991 2109 1002 2131 ,
1028 2073 1198 2136 quibus
1221 2073 1428 2134 ingentia
1459 2090 1505 2118 se
1544 2073 1638 2118 fac-

249 2161 380 2196 turus
404 2150 706 2212 promiserat,
743 2150 1072 2214 exprobrando
1108 2150 1446 2196 admoneretur
1468 2159 1520 2194 ut
1539 2159 1637 2194 tro-

247 2241 344 2288 paea
368 2236 411 2271 et
429 2226 672 2272 manubias
697 2226 975 2286 ostenderet,
1003 2243 1119 2289 quas
1142 2226 1201 2272 de
1222 2225 1371 2271 Gallia
1393 2226 1640 2271 invexisset

246 2304 292 2348 in
332 2304 567 2365 Angliam,
597 2305 890 2366 plurimaque
929 2304 1228 2366 hujusmodi,
1254 2303 1408 2350 'modo
1447 2320 1635 2362 eoram,

247 2379 393 2425 modo
414 2381 462 2424 in
488 2381 672 2425 occulto
693 2380 754 2426 ad
776 2380 919 2443 ipsius
941 2382 1250 2443 ignominiam
1274 2381 1415 2443 vulgo
1440 2397 1524 2444 per
1548 2384 1640 2426 An-

246 2455 383 2517 gliam
415 2457 718 2518 jactarentur,
760 2467 937 2504 tantam
968 2459 1168 2522 proinde
1201 2459 1345 2504 animi
1375 2458 1642 2503 moestitiam

245 2534 448 2597 accepit,
476 2551 574 2579 non
598 2535 780 2581 valente
815 2535 958 2598 ipsius
981 2535 1237 2598 petulantia
1261 2545 1399 2598 atque
1426 2534 1644 2599 superbia

298 2715 334 2749 1.
367 2713 541 2750 Pouance
561 2713 926 2763 (Maine-et-Loire),
952 2716 973 2751 a
992 2723 1073 2764 sept
1093 2714 1211 2752 lieues
1231 2713 1278 2752 de
1297 2713 1335 2751 la
1353 2713 1545 2753 Guerche.

298 2773 336 2807 2.
368 2771 616 2810 C³est-a-dire
632 2802 641 2819 ‚
664 2773 698 2810 le
718 2773 806 2824 long
824 2774 889 2811 des
908 2776 1010 2812 cotes
1029 2774 1081 2811 du
1101 2774 1242 2812 Bessin.
