2037 3442
729 340 871 375 LIBER
900 339 1139 385 QUARTUS.
1569 340 1638 375 171

257 419 456 465 militum
472 435 685 477 manum,
715 437 806 483 qua
831 420 1099 484 reipublicae
1119 429 1163 466 et
1193 422 1278 466 toti
1305 437 1448 484 regno
1481 422 1644 468 terrori

257 497 345 541 sint
380 507 519 560 atque
555 497 810 543 formidini.
848 500 912 544 Ex
945 514 1001 543 eo
1030 507 1185 544 autem
1220 507 1403 559 quantae
1426 498 1645 544 utilitates

254 573 449 619 subditis
483 575 785 637 proveniant,
815 575 894 636 qui
923 574 1002 619 tali
1026 574 1280 620 infelicitati
1304 574 1614 637 subjiciuntur
1628 610 1641 631 ,

253 659 545 712 compertum
589 660 671 697 est.
729 654 921 696 Necesse
967 649 1092 694 enim
1145 649 1320 695 liabent
1366 661 1640 714 utrumque,

254 726 481 772 tributum
505 737 645 790 atque
668 727 897 784 militiam,
926 725 1168 783 sustinere,
1200 735 1262 784 et,
1283 726 1446 785 velint,
1474 728 1642 787 nolint,

254 801 450 848 tolerare
471 804 599 866 qnod
624 803 843 849 Romanis
870 802 982 847 olim
1007 802 1144 847 fuisse
1175 802 1559 848 onerosissimum
1579 812 1647 848 at-

254 893 345 938 que
382 879 745 925 infelicissimum
783 879 972 941 Crispus
1010 878 1087 923 ait.
1127 880 1245 923 Cum
1283 877 1442 936 enim,
1482 888 1646 938 agente

256 955 503 1002 bominum
530 958 726 1015 malitia,
747 973 839 1020 qua
863 955 1097 1020 praecipue
1123 954 1307 1017 tyranni
1327 955 1489 1019 repleti
1509 965 1641 1014 sunt,

253 1042 474 1095 praetextu
505 1034 788 1080 necessitatis
815 1033 875 1079 ad
899 1049 971 1078 res
994 1032 1296 1094 voluptuosas
1319 1042 1364 1077 et
1387 1032 1647 1095 superfluas

253 1109 395 1154 facilis
420 1110 476 1155 sit
508 1111 782 1173 prolapsus,
821 1126 928 1155 cum
953 1126 1038 1172 pro
1070 1109 1312 1173 stipendiis
1346 1109 1448 1156 talis
1476 1110 1647 1156 militiae

254 1187 439 1245 tyranni
470 1187 713 1249 imponere
748 1186 944 1232 subditis
974 1185 1145 1231 tributa
1176 1196 1316 1248 atque
1353 1203 1476 1234 nova
1502 1203 1646 1233 onera

255 1262 548 1323 vectigalium
586 1265 896 1310 necessarium
931 1263 1135 1320 ducant,
1172 1279 1270 1308 non
1307 1280 1360 1309 ea
1389 1265 1646 1327 quantitate

253 1339 460 1384 contenti
493 1350 622 1397 sunt,
659 1357 758 1402 quae
798 1339 858 1385 ad
893 1339 986 1385 hoc
1018 1340 1172 1402 ipsum
1209 1349 1366 1404 posset
1400 1340 1643 1401 sufficere3

254 1414 334 1460 sed
360 1415 419 1460 ad
455 1416 706 1479 explendas
729 1432 833 1462 suas
857 1415 1073 1461 libidines
1096 1426 1359 1479 respectum
1382 1418 1611 1464 habentes
1633 1455 1645 1476 ‚

254 1492 492 1536 immensis
516 1502 560 1537 et
584 1492 954 1538 intolerabilibus
979 1490 1180 1552 tributis,
1202 1492 1290 1538 sub
1306 1492 1445 1556 hujus
1463 1493 1580 1540 fietae
1603 1504 1647 1540 et

253 1568 476 1614 simulatae
508 1569 619 1613 falso
644 1569 925 1614 necessitatis
948 1569 1250 1632 utilitatisque
1280 1569 1546 1633 reipublicae
1569 1587 1647 1617 co-

254 1644 375 1703 lore⁷
408 1645 601 1691 miseros
636 1645 848 1691 subditos
880 1654 1116 1708 premunt.
1163 1645 1344 1700 Quibus
1378 1663 1485 1692 cum
1521 1648 1647 1693 nulla

254 1722 312 1767 sit
334 1721 612 1779 reluctandi,
640 1731 766 1766 metu
791 1730 1029 1783 premente
1045 1755 1056 1777 7
1084 1719 1292 1780 facultas,
1332 1721 1378 1765 in
1404 1721 1526 1767 hanc
1551 1739 1646 1768 ser-

254 1798 448 1844 vitutem
473 1797 787 1843 devolvuntur
819 1805 890 1853 ut,
927 1795 1068 1842 veluti
1095 1796 1200 1841 vilia
1236 1796 1492 1860 mancipia,
1530 1798 1644 1843 nihil

255 1874 458 1921 habeant
482 1873 612 1935 quod
635 1890 772 1918 suum
798 1873 978 1935 possint
1003 1871 1262 1918 audeantve
1287 1889 1508 1932 asserere,
1533 1873 1647 1918 sint—

256 1968 345 2014 que
363 1967 388 1996 a
405 1951 633 2012 tyrannis7
651 1966 737 2012 pro
763 1965 927 1993 eorum
951 1948 1051 1994 solo
1075 1958 1193 1994 nutu
1211 1959 1256 1995 et
1278 1950 1537 2007 voluntate,
1563 1947 1647 1996 tal-

255 2026 448 2084 habiles,
473 2027 603 2072 nullo
632 2026 690 2071 ab
711 2027 820 2089 ipsis
850 2042 1080 2072 consensu
1115 2026 1355 2089 requisito.
1392 2030 1447 2072 Et
1469 2026 1648 2073 nedum

256 2106 301 2149 in
320 2104 459 2150 bonis
480 2103 777 2148 subditorum
792 2103 941 2165 [quod
958 2103 1110 2149 forsan
1135 2113 1392 2166 utcumque
1407 2103 1649 2150 tolerabile

256 2182 408 2244 esset),
423 2181 504 2226 sed
519 2190 564 2226 et
584 2181 688 2226 vitae
698 2181 917 2244 necisque
929 2198 1091 2227 eorum
1114 2199 1273 2245 parem
1290 2199 1344 2229 ac
1355 2183 1647 2228 consimilem

255 2277 338 2323 per
377 2259 536 2304 omnia
575 2258 663 2303 sibi
704 2269 946 2304 assumunt
985 2270 1296 2323 exercentque
1338 2270 1645 2323 potestatem3

256 2335 424 2398 quibus
454 2335 622 2394 etiam,
651 2343 702 2379 ut
736 2334 862 2380 idem
883 2335 1070 2399 Crispus
1093 2337 1181 2395 ait,
1219 2336 1335 2382 boni
1371 2353 1515 2399 quam
1540 2336 1648 2383 mali

256 2412 563 2476 suspectiores
585 2422 712 2468 sunt,
749 2427 1024 2475 semperque
1057 2413 1122 2458 eis
1146 2413 1295 2459 aliena
1322 2413 1466 2458 virtus
1491 2413 1649 2459 formi-

254 2490 418 2537 dolosa
441 2499 523 2535 est.
1116 2550 1119 2553 .

319 2569 375 2611 Et
413 2567 460 2611 in
500 2564 623 2611 hanc
665 2564 857 2626 quidem
894 2565 1126 2611 miseriam
1175 2564 1463 2611 tributorum
1510 2575 1649 2629 atque

255 2644 552 2691 exactionum
586 2652 840 2688 extremam
875 2643 1145 2688 servitutem
1179 2659 1376 2706 regnum
1409 2645 1613 2690 Franciae
1636 2682 1647 2701 ,

254 2722 412 2768 nobile
432 2720 674 2783 quondam
695 2736 748 2766 ac
771 2720 987 2779 liberum,
1012 2721 1098 2765 sub
1126 2730 1346 2784 praetextu
1363 2721 1650 2768 necessitatis

256 2799 390 2861 hujus
413 2798 584 2844 militiae
608 2796 917 2861 stipendiariae
939 2796 1208 2857 retinendae,
1234 2796 1511 2845 devolutum
1551 2806 1644 2857 est,
