2037 3442
643 362 785 396 LIBER
815 361 1074 396 SECUNDUS.
1506 358 1554 391 42³

556 566 744 616 LIBER
803 566 1053 617 SECUND
1066 567 1156 615 US.

777 732 946 739 ..Ἦ-

553 843 886 885 CAPtthLUM
922 841 1166 884 PRIMUM.

159 955 318 997 Qualiter
340 960 485 992 Carolus
507 960 597 1000 Vn,
620 968 715 1004 patre
740 968 898 1000 mortuo,
920 972 953 991 se
971 971 1084 1003 regem
1104 958 1315 990 Francorum
1333 955 1499 997 titulavit;
1526 963 1557 987 et

279 1016 321 1050 de
339 1018 522 1050 miserabili
546 1018 641 1063 regni
667 1018 866 1059 vastatione,
885 1029 958 1061 quae
976 1017 1044 1049 suis
1060 1015 1203 1060 contigit
1220 1013 1444 1059 temporibus.

230 1132 401 1187 Nemo,
448 1130 514 1174 uti
556 1130 856 1188 arbitramur,
900 1128 1036 1174 nobis
1074 1127 1244 1190 poterit
1282 1140 1557 1171 succensere

164 1206 293 1268 quod
318 1216 442 1268 gesta
465 1210 617 1253 Caroli
643 1211 739 1264 Vll,
766 1211 1052 1252 Francorum
1075 1205 1214 1267 regis,
1238 1203 1398 1248 litteris
1421 1218 1558 1247 man-

164 1283 344 1341 dantes,
372 1293 586 1346 tempora
610 1285 656 1329 in
683 1293 829 1347 parte,
860 1282 1029 1345 quibus
1054 1297 1163 1326 suus
1187 1280 1369 1342 genitor
1392 1293 1556 1339 regna-

166 1359 296 1417 verit,
323 1361 558 1420 prosecuti
583 1377 742 1405 sumus
764 1378 775 1417 3
816 1375 946 1415 nam,
972 1367 1021 1402 ut,
1046 1358 1154 1402 satis
1186 1373 1237 1401 ex
1265 1371 1402 1418 supra
1424 1354 1558 1399 dictis

163 1434 348 1492 claruit,
370 1434 498 1491 licet,
525 1436 707 1481 vivente
726 1445 881 1498 patre,
906 1433 967 1479 ob
988 1432 1298 1478 reverentiam
1315 1440 1557 1493 paternam

163 1510 438 1556 abstinuerit
464 1513 598 1557 titulo
627 1522 671 1557 et
688 1512 878 1557 nomine
893 1547 904 1564 ‚
923 1510 1169 1571 solumque
1187 1507 1398 1570 delphini
1423 1507 1556 1552 titulo

163 1596 410 1631 contentus
431 1587 594 1644 fuerit⁷
623 1588 787 1649 majori
820 1597 973 1632 tamen
1006 1585 1211 1649 portioni
1242 1584 1372 1645 regni
1396 1584 1552 1643 totius,

163 1662 302 1708 etiam
338 1663 505 1708 eodem
540 1664 724 1708 vivente
765 1673 920 1726 patre,
955 1662 1162 1725 praefuit3
1200 1659 1286 1705 sub
1322 1676 1474 1721 eoque
1512 1670 1558 1704 et

163 1737 249 1783 sibi
295 1742 582 1784 Francorum
614 1740 783 1802 copiae,
807 1739 949 1784 duces
975 1748 1019 1784 et
1049 1737 1273 1783 exercitus
1299 1735 1557 1781 militarunt

163 1823 208 1858 et
241 1825 524 1877 paruerunt,
559 1825 653 1860 tam
679 1825 842 1860 contra
875 1815 1042 1876 Anglos
1077 1829 1219 1876 quam
1245 1822 1408 1857 contra
1444 1816 1556 1857 Bur-

164 1891 443 1951 gundiones.
472 1894 650 1950 Quare,
679 1908 786 1936 cum
820 1906 873 1936 ea
907 1907 1006 1953 quae
1037 1906 1176 1952 supra
1210 1888 1476 1945 retulimus,
1512 1898 1556 1934 et

163 1965 249 2010 sub
273 1966 398 2029 ipso,
422 1976 467 2012 et
493 1967 585 2012 suis
620 1976 745 2028 gesta
775 1967 864 2011 sint
888 1966 1199 2029 temporibus,
1232 1981 1329 2010 non
1366 1964 1556 2011 fuerunt

166 2050 259 2086 tam
283 2058 459 2102 magnae
485 2060 538 2088 ac
561 2043 837 2106 ponderosae
861 2060 954 2101 res,
982 2042 1118 2088 nobis
1142 2042 1214 2087 sui
1238 2042 1461 2105 temporis
1484 2058 1555 2087 res

165 2127 312 2178 gestas
335 2130 599 2165 memoratu
620 2121 784 2182 dignas
796 2119 1056 2165 describere
1074 2119 1357 2177 volentibus,
1373 2129 1556 2182 praeter-

164 2193 400 2240 mittendae
418 2230 428 2252 ‚
454 2196 533 2241 sed
553 2212 637 2241 suo
656 2206 867 2259 tempore
887 2194 1222 2241 rationabiliter
1241 2195 1522 2258 deputandae
1539 2233 1551 2254 ‚

164 2270 403 2332 potissime
447 2288 502 2317 ex
543 2288 599 2317 eo
640 2273 864 2335 temporis
895 2272 1116 2330 articulo,
1152 2288 1272 2334 quo,
1324 2282 1374 2317 ut
1414 2289 1555 2335 supra

163 2348 512 2403 annotavimus,
536 2366 561 2394 e
584 2350 706 2411 regia
734 2349 848 2395 urbe
869 2359 913 2395 et
935 2349 1078 2395 domo
1104 2359 1299 2413 paterna
1324 2359 1554 2396 extractus

162 2432 301 2484 atque
320 2423 531 2483 eductus,
550 2442 634 2471 suo
649 2426 802 2471 solum
819 2426 1000 2471 nomini
1018 2427 1183 2471 Franci
1195 2425 1391 2471 militare
1406 2443 1554 2490 coepe-

162 2509 294 2558 runt,
325 2509 371 2545 et
389 2517 498 2545 eum
520 2518 607 2564 pro
626 2502 835 2566 principe
852 2503 1005 2547 colere
1024 2511 1069 2547 et
1090 2502 1288 2558 habere,
1314 2512 1442 2565 patre
1466 2520 1552 2548 suo

161 2576 280 2620 inter
299 2577 684 2638 Burgundionum
704 2595 884 2636 manus,
898 2589 941 2623 et
957 2579 1260 2642 postmodum
1276 2579 1548 2641 Anglorum‚

160 2654 414 2699 constituto
434 2663 478 2700 et
501 2655 678 2701 relicto.
704 2658 821 2701 Cum
847 2672 984 2713 vero,
1008 2656 1068 2703 ad
1091 2656 1442 2718 intelligentiam
1465 2656 1552 2702 hu-

154 2730 416 2791 juscemodi
437 2731 683 2789 malorum,
705 2733 1012 2778 necessarium
1033 2733 1169 2779 fuerit
1187 2733 1392 2779 radicem
1413 2743 1553 2796 atque

160 2808 386 2869 originem
419 2808 625 2855 civilium
656 2809 1019 2869 discordiarum,
1054 2810 1178 2856 unde
1207 2820 1302 2856 tam
1335 2810 1394 2856 ad
1429 2810 1551 2856 belia
