2037 3442
428 291 438 324 1
450 290 498 324 96
803 286 1139 322 HISTORIARUM
1167 286 1344 322 CAROLI
1368 288 1437 322 VII

422 366 556 411 valde
573 402 584 421 ,
610 366 789 410 habens
811 381 995 427 semper
1017 364 1368 410 multitudinem
1393 365 1639 411 satellitum
1660 367 1707 411 in
1730 366 1818 411 hu-

416 441 679 504 juscemodi
707 441 921 487 nefandis
946 439 1124 487 artibus
1150 450 1290 503 atque
1321 442 1547 487 exercitiis
1577 458 1818 487 exsecran—

418 519 490 564 dis
529 527 778 564 assuetam.
815 517 907 563 Sed
942 534 1052 563 cum
1086 517 1214 563 idem
1244 518 1543 576 Franciscus,
1584 528 1635 563 ut
1676 518 1816 580 hujus

418 595 571 641 saeculi
593 612 797 659 nequam
820 595 941 641 filius
958 633 969 655 ⁷
996 595 1153 640 multis
1176 594 1279 640 filiis
1302 595 1418 640 lucis
1448 596 1495 640 in
1523 595 1612 642 1130
1638 605 1821 641 morta-

414 673 530 718 lium
558 673 860 735 generatione
894 689 978 719 sua
1012 673 1208 718 astutior
1240 689 1319 718 sen
1350 672 1626 736 prudentior
1661 683 1780 719 esset
1800 710 1811 732 ‚

413 750 553 813 hujus
586 750 804 815 patrandi
835 750 1018 796 sceleris
1052 766 1151 795 non
1182 759 1289 796 ante
1319 766 1487 795 ausum
1518 750 1565 795 in
1601 767 1648 795 se
1674 749 1822 795 voluit

415 844 679 888 assumere,
709 843 853 890 quam
873 827 1074 872 aliorum
1098 826 1366 889 principum
1393 825 1585 888 Angliae,
1614 825 1693 888 qui
1718 835 1817 871 tum

415 904 463 949 in
489 905 722 967 praecipua
752 905 1027 949 auctoritate
1052 919 1159 965 erga
1188 919 1346 964 regem
1372 903 1626 965 Anglorum
1653 912 1788 948 erant
1810 939 1822 960 ‚

414 996 656 1026 assensum
683 980 878 1026 haberet
921 989 967 1025 et
1002 989 1305 1043 praeceptum.
1356 978 1616 1025 Verebatur
1656 980 1783 1023 enim
1812 1015 1824 1036 ‚

413 1057 817 1120 quemadmodum
840 1067 1138 1121 compertum
1160 1066 1243 1115 est,
1269 1073 1329 1102 ne
1346 1072 1402 1101 ex
1419 1055 1512 1101 1100
1536 1055 1691 1102 totalis
1713 1073 1822 1120 rup-

414 1144 519 1180 tura
554 1144 823 1197 treugarum
868 1135 1182 1196 contingeret3
1230 1133 1362 1195 cujus
1408 1132 1518 1179 mali
1554 1150 1674 1179 onus
1718 1133 1817 1179 cnl-

413 1230 619 1277 pamque
648 1212 737 1258 sibi
771 1213 859 1258 soli
902 1211 1108 1258 adscribi
1145 1210 1484 1257 rationabiliter
1525 1211 1821 1257 formidabat.

413 1293 533 1336 Cum
558 1305 670 1334 vero
701 1306 866 1335 omnes
899 1288 1157 1351 Anglorum
1190 1305 1411 1352 proceres
1446 1288 1694 1334 consilium
1729 1288 1828 1334 lau-

415 1366 677 1423 davissent,
707 1376 753 1411 et
784 1382 871 1430 pro
904 1382 956 1411 ea
989 1383 1040 1411 re
1065 1365 1220 1411 eidem
1246 1365 1379 1410 militi
1406 1382 1510 1411 suas
1540 1366 1715 1411 litteras
1749 1366 1831 1411 de-

416 1444 594 1490 dissent
611 1446 638 1502 1,
664 1444 723 1489 ad
746 1443 1089 1507 perficiendum
1126 1460 1247 1507 opus
1285 1443 1559 1505 hujusmodi
1585 1443 1831 1505 vigilanter

420 1520 653 1567 incubuit.

486 1601 684 1660 Accepta
710 1597 869 1659 itaque
896 1596 1146 1642 satellitum
1169 1596 1416 1643 sufficienti
1443 1597 1503 1644 ad
1532 1598 1625 1643 hoc
1661 1613 1828 1657 manu⁹

423 1691 531 1719 cum
557 1689 712 1736 neque
744 1674 990 1718 Britanniae
1023 1673 1148 1730 dux,
1189 1690 1341 1736 neque
1374 1684 1605 1720 terrarum
1642 1691 1831 1719 suarum

425 1750 594 1797 accolae
626 1749 716 1794 tale
756 1749 933 1811 aliquid
975 1749 1185 1794 futurum
1216 1750 1453 1796 ullatenus
1488 1752 1835 1814 suspicarentur

426 1827 570 1889 (nam
601 1836 771 1888 treugae
811 1825 1048 1888 generales
1085 1825 1336 1872 currebant
1355 1864 1365 1884 ‚
1401 1828 1529 1873 factae
1561 1837 1606 1873 et
1640 1827 1835 1874 firmatae

430 1904 550 1949 inter
573 1919 704 1964 reges
727 1911 771 1947 et
788 1918 932 1963 regna
948 1901 1152 1947 Franciae
1176 1911 1219 1947 et
1243 1903 1430 1964 Angliae,
1455 1920 1714 1966 eorumque
1737 1905 1836 1949 uni-

487 2055 523 2088 1.
547 2070 562 2083 «
577 2054 653 2088 Nec
668 2051 839 2088 funestus
852 2050 922 2087 iste
940 2050 1070 2100 praedo
1083 2049 1227 2099 absque
1239 2051 1347 2097 jussu
1364 2063 1520 2086 snorum
1536 2050 1723 2097 majorum
1740 2050 1836 2087 hanc

433 2110 619 2163 perditam
657 2110 829 2158 rapinam
865 2109 1036 2146 exercuit
1070 2123 1077 2144 :
1110 2108 1212 2158 quod
1244 2108 1378 2145 fraude
1415 2117 1451 2144 et
1484 2108 1573 2145 dolo
1611 2107 1838 2147 absconsum

434 2180 583 2208 nostros
616 2170 808 2221 principes
837 2168 990 2205 latebat.
1014 2171 1155 2204 Verum
1183 2176 1314 2218 postca
1347 2167 1408 2204 1110
1443 2167 1615 2215 deditus,
1648 2168 1837 2215 objectum

435 2233 571 2284 praedae
596 2231 753 2282 privatae
790 2230 933 2267 crimen
977 2229 1144 2274 diluens,
1182 2228 1341 2278 publicis
1371 2227 1606 2265 documentis
1633 2227 1788 2265 detexit.
1819 2246 1835 2260 η

435 2292 604 2340 (Robert
637 2291 821 2336 Blondel,
854 2293 1019 2327 Assertio
1054 2292 1313 2333 Nmmannia’,
1345 2287 1371 2323 1.
1397 2291 1435 2332 Ι,
1472 2301 1504 2323 0.
1536 2285 1588 2338 Ι).
1624 2290 1677 2323 La
1709 2287 1842 2323 conni-

436 2366 555 2390 vence
575 2352 627 2388 du
648 2358 947 2402 gouvernement
974 2347 1118 2399 anglais
1138 2356 1192 2384 est
1212 2360 1351 2383 encore
1375 2347 1502 2383 mieux
1523 2345 1659 2382 etablie
1679 2360 1748 2396 par
1768 2359 1842 2383 une

437 2413 599 2460 enqucte
618 2424 693 2460 qne
714 2410 930 2447 Guillaume
951 2407 1135 2444 Jouvenel
1160 2406 1224 2443 des
1243 2406 1378 2442 Ursins
1405 2406 1459 2441 sut
1479 2405 1620 2457 charge¹
1644 2404 1690 2442 de
1710 2405 1802 2441 faire
1821 2406 1841 2441 ἐι

436 2474 570 2508 Romen
594 2472 615 2506 a
634 2470 669 2507 la
688 2471 738 2507 fin
759 2469 805 2505 de
824 2468 861 2505 la
882 2470 1004 2504 meme
1024 2467 1145 2503 annee
1177 2468 1289 2502 1419.
1321 2467 1380 2501 On
1406 2478 1429 2513 y
1450 2465 1620 2501 entendit
1642 2465 1760 2501 (1011Ζο
1786 2463 1842 2500 te-

439 2531 562 2566 moins
580 2560 588 2576 ‚
610 2530 733 2580 parmi
752 2528 916 2578 lesquels
935 2526 1204 2575 l'archeveque
1225 2524 1272 2561 de
1295 2527 1444 2570 Rouen,
1467 2523 1587 2560 Raoul
1605 2523 1787 2569 Ronssel;
1809 2523 1843 2558 le

442 2589 618 2625 tresorier
642 2589 688 2624 (le
714 2588 750 2624 13
783 2586 1023 2629 cathedrale,
1055 2584 1230 2634 Philippo
1269 2583 1315 2619 de
1346 2583 1381 2619 la
1419 2586 1542 2630 Rose;
1575 2582 1741 2619 Richard
1769 2594 1840 2618 aux‘

442 2646 650 2694 Espotile5‚
680 2647 834 2695 ccuyer‚
865 2654 936 2683 etc.
970 2643 1175 2693 L'original
1203 2642 1308 2692 signe
1341 2641 1387 2678 de
1414 2641 1514 2678 deux
1553 2641 1717 2677 notaires
1747 2651 1845 2689 apo-

445 2704 624 2753 stoliques
653 2705 769 2741 existe
798 2705 892 2742 dans
918 2705 953 2741 le
979 2704 1134 2740 volume
1167 2711 1208 2739 n⁰
1238 2704 1311 2739 772
1339 2702 1386 2739 de
1414 2705 1476 2739 Du
1499 2705 1595 2751 Puy,
1628 2704 1649 2738 a
1681 2702 1716 2738 la
1744 2699 1840 2737 Bibl.

444 2762 658 2812 Imperiale.
