2037 3442
453 310 527 344 242
820 309 1154 343 HISTORIARUM
1181 309 1359 343 CAROLI
1387 310 1453 344 VII

454 387 673 432 omnibus
698 386 912 431 facultate
947 394 992 430 et
1029 386 1273 430 securitate
1302 386 1357 430 ad
1395 403 1475 430 sua
1509 387 1712 431 abeundi
1735 403 1842 432 cum

453 465 589 510 bonis
612 480 714 525 quae
743 463 968 509 haberent
985 500 996 522 ‚
1023 464 1225 526 exceptis
1254 463 1526 508 bombardis
1549 473 1593 508 et
1619 464 1843 509 machinis

452 554 586 590 certae
608 543 943 604 magnitudinis
958 579 968 599 ‚
997 559 1111 605 quas
1135 544 1200 587 eis
1223 543 1472 606 deportare
1496 559 1592 588 non
1617 542 1745 587 licuit
1761 546 1788 588 ¹.

516 622 676 681 Itaque
699 619 811 681 ipsi,
838 628 1030 681 accepto
1055 619 1217 663 itinere
1240 635 1323 681 per
1347 619 1683 664 Normanniam
1706 627 1751 663 et
1775 620 1845 662 Pi-

450 695 657 742 cardiam
676 730 687 751 ‚
714 694 774 740 ad
800 694 1029 757 oppidum
1055 694 1218 739 Calesii
1242 693 1436 756 profecti
1461 703 1591 754 sunt,
1621 698 1846 740 Norman-

452 773 527 817 nia
561 772 796 817 derelicta.
838 774 956 816 Cum
994 771 1059 815 eis
1097 770 1293 833 profecti
1326 779 1433 815 sunt
1467 770 1609 833 aliqui
1645 771 1845 816 nationis

451 849 699 895 Gallicanae
715 884 726 906 ,
756 848 837 894 sed
860 865 1058 893 numero
1080 849 1241 910 pauci,
1267 848 1347 910 qui
1373 849 1650 910 pertinacius
1677 848 1845 910 Anglo-

453 944 556 972 rum
581 926 780 989 querelae
808 925 1011 970 fautores
1043 925 1326 970 exstiterant.
1358 927 1599 969 Duxerunt
1626 925 1765 970 etiam
1789 941 1843 970 ex

450 1003 561 1065 ipsis
586 1002 800 1047 nonnulli
836 1018 1004 1047 uxores
1034 1017 1149 1064 quas
1186 1001 1231 1045 in
1259 1000 1407 1046 Gallia
1440 1010 1741 1063 acceperant;
1769 1000 1844 1046 alii

452 1096 562 1125 vero
589 1080 786 1124 scientes
809 1096 857 1124 se
879 1078 1113 1124 anteriora
1137 1076 1312 1123 habere
1342 1077 1561 1138 conjugia
1584 1077 1630 1121 in
1656 1077 1840 1139 Anglia‚

450 1156 781 1218 superductaS,
822 1171 917 1200 non
955 1154 1131 1216 absque
1167 1154 1371 1216 plurimo
1405 1154 1531 1198 luctu
1568 1162 1612 1198 et
1648 1153 1840 1214 ejulatu,

450 1231 753 1293 reliquerunt.
784 1235 925 1276 Erant
951 1240 1133 1286 autem,
1158 1231 1236 1292 qui
1264 1230 1498 1287 exierunt,
1522 1238 1617 1275 tam
1638 1231 1843 1274 virorum

450 1324 593 1370 quam
618 1307 868 1353 mulierum
899 1307 1021 1352 circa
1045 1315 1249 1367 quatuor
1274 1305 1433 1351 millia.

879 1484 1214 1527 CAPITULUM
1253 1485 1412 1527 XXVl.

449 1594 499 1627 De
514 1594 777 1640 recuperatione
788 1593 938 1635 Falesiae,
950 1593 1262 1639 Dompni-Frontis
1278 1602 1310 1626 et
1326 1594 1603 1639 Caesaris-Burgi,
1620 1602 1666 1635 et,
1684 1607 1744 1639 per
1760 1594 1847 1635 haec,

688 1653 945 1698 complemento
961 1652 1233 1698 recuperationis
1245 1653 1350 1685 totius
1364 1653 1601 1686 Normanniae.

515 1747 703 1810 Oppido
728 1747 865 1808 igitur
896 1746 1176 1792 Cadomensi
1202 1763 1259 1792 eo
1292 1748 1436 1792 modo
1469 1756 1666 1793 vacuato
1692 1747 1845 1807 Angli-

451 1839 659 1885 canaque
691 1833 946 1885 expurgato
974 1823 1188 1877 natione,
1221 1832 1360 1884 atque
1391 1823 1437 1867 in
1463 1826 1748 1868 Francorum
1775 1822 1844 1867 di-

452 1900 627 1944 tionem
654 1899 888 1955 restituto,
921 1897 1155 1943 restabant
1186 1898 1233 1942 in
1260 1899 1548 1944 Normannia
1571 1899 1724 1944 adhuc
1748 1899 1845 1944 duo

452 1975 626 2039 oppida
644 2012 654 2031 ,
682 1976 856 2020 caeteris
891 1975 986 2020 fere
1012 1975 1150 2020 totius
1181 1976 1432 2038 provinciae
1460 1976 1739 2033 munitiora,
1764 1980 1846 2022 Fa-

451 2052 561 2098 lesia
586 2051 758 2097 scilicet
789 2061 833 2097 et
862 2053 1254 2114 Caesaris-Burgus
1270 2089 1281 2110 ‚
1308 2070 1416 2098 cum
1441 2063 1592 2098 castro
1616 2055 1846 2117 Dompni-

450 2129 648 2174 Frontis.
670 2131 734 2173 Ne
757 2129 910 2190 igitur,
936 2128 1154 2173 derelicta
1175 2128 1420 2174 scintillula
1441 2128 1613 2192 aliqua,
1639 2130 1846 2176 fomenta

450 2207 711 2264 inveniens,
729 2206 775 2250 in
792 2205 1046 2250 recidivum
1066 2205 1334 2250 incendium
1352 2205 1505 2250 forsan
1524 2217 1680 2269 posset
1697 2223 1846 2252 erum-

450 2299 585 2346 pere,
613 2292 657 2328 et
681 2282 962 2327 novissimus
997 2299 1127 2327 error
1151 2282 1305 2344 priore
1340 2282 1544 2328 deterior
1570 2299 1809 2345 resurgere
1830 2320 1841 2342 ‚

451 2359 509 2404 ad
549 2375 603 2404 ea
627 2359 768 2405 etiam
795 2358 1106 2422 expugnanda
1137 2358 1341 2422 prudens
1374 2376 1451 2404 rex
1478 2359 1692 2405 attendit.
1728 2363 1844 2405 Cum

450 2445 636 2493 autem,
664 2435 721 2480 ad
748 2444 899 2481 tantos
927 2444 1137 2497 sumptus
1164 2435 1549 2497 gravissimasque
1580 2436 1813 2498 impensas
1830 2472 1841 2494 ,

450 2516 583 2561 solita
599 2516 844 2578 regnicolis
859 2516 1039 2578 imponi
1063 2516 1268 2577 ingentia
1287 2515 1571 2561 tributorum
1596 2533 1741 2562 onera
1763 2517 1844 2561 nli-

451 2593 576 2638 nime
602 2593 892 2646 sufficerent,
924 2592 1228 2655 pecuniaeque
1252 2592 1416 2654 regalis
1440 2592 1535 2638 fisci
1560 2593 1839 2649 deficerent,

451 2685 598 2731 prope
628 2670 710 2714 fuit
748 2686 824 2715 rex
851 2670 896 2715 in
936 2685 1106 2729 magno
1138 2668 1433 2725 discrimine,
1470 2687 1529 2715 ne
1564 2670 1844 2732 interrrupta

505 2778 540 2812 1.
574 2779 627 2812 1²¹
639 2776 764 2823 juillet
783 2779 896 2815 1450.
