2037 3442
684 310 826 345 LIBER
852 308 1088 354 QUARTUS.
1502 303 1576 340 239

188 392 389 453 spatium
417 392 598 437 circiter
623 391 759 435 unius
784 391 976 446 mensis,
1003 389 1255 444 civitatem,
1279 397 1321 431 et
1348 387 1425 449 qui
1453 386 1496 430 in
1525 402 1575 430 ea

190 478 343 525 erant,
370 468 428 513 ad
454 468 742 514 deditionem
761 467 948 529 coegit¹.

637 661 968 706 CAPITULUM
1004 661 1141 703 XXV.

408 787 555 822 Obsidio
574 787 719 821 Cadomi
731 795 763 820 et
779 786 886 833 ipsius
900 784 1030 819 deditio
1047 784 1261 817 Francorum
1279 783 1363 828 regi.

254 913 358 967 Qua
398 910 644 956 obsidione
678 908 910 973 perfecta,
948 907 1112 952 nolens
1146 921 1225 950 rex
1272 914 1457 968 torpere
1503 915 1583 951 aut

190 989 336 1051 quieti
351 1004 399 1033 se
414 988 550 1046 dare,
575 987 727 1032 donec
744 985 915 1048 Anglos
936 984 1120 1047 penitus
1135 982 1422 1027 Normannia
1436 998 1582 1045 expu-

190 1064 314 1110 lisset
344 1073 388 1110 et
410 1073 604 1126 caeptam
625 1062 865 1107 victoriam
891 1060 1171 1121 feliciterque
1203 1067 1496 1121 prosecutam
1524 1056 1583 1103 ad

192 1141 593 1203 complementum
604 1154 750 1201 usque
761 1147 805 1183 et
816 1136 1274 1182 consummationem
1288 1134 1582 1197 perduceret,

191 1216 251 1261 ad
274 1215 591 1261 obsidendum
616 1215 899 1273 Cadomum,
926 1221 1032 1276 post
1050 1211 1217 1257 urbem
1241 1211 1586 1274 Rothomagen-

188 1308 287 1337 sem
322 1292 464 1336 totius
500 1291 795 1338 Normanniae
828 1290 1131 1353 insigniorem
1156 1288 1344 1347 locum,
1373 1289 1584 1335 animum

186 1368 432 1413 convertit.
462 1369 629 1416 Accitis
661 1368 817 1431 itaque
851 1367 909 1413 de
945 1376 1044 1412 toto
1078 1382 1221 1428 regno
1255 1374 1350 1412 tam
1374 1366 1584 1428 equitum

187 1461 330 1507 quam
354 1445 567 1508 peditum
591 1444 864 1491 militaribus
883 1444 1056 1507 copiis,
1084 1442 1315 1507 oppidum
1334 1443 1506 1506 ipsum,
1535 1445 1583 1489 in

185 1538 281 1584 quo
320 1532 418 1568 erat
449 1522 542 1568 dux
577 1523 899 1582 Summerseti,
938 1539 1047 1568 cum
1080 1520 1293 1585 pluribus
1324 1521 1585 1584 Anglicanae

185 1599 358 1644 militiae
390 1600 587 1646 ducibus
623 1610 669 1646 et
705 1600 859 1663 Anglis
897 1616 1037 1663 supra
1073 1599 1160 1644 tria
1205 1598 1381 1658 millia,
1419 1609 1585 1662 praeter

184 1676 361 1722 incolas
396 1687 441 1723 et
471 1679 593 1723 cives
628 1677 743 1736 loci,
784 1676 1028 1723 obsidione
1062 1675 1227 1738 grandi
1261 1677 1404 1721 cinxit
1433 1687 1478 1722 et
1502 1693 1582 1723 va-

183 1751 292 1798 lida.
331 1754 435 1799 Fuit
461 1755 506 1799 in
545 1770 599 1799 ea
632 1753 878 1799 obsidione
913 1770 992 1799 rex
1028 1754 1125 1815 ipse
1154 1752 1351 1798 Carolus
1380 1769 1583 1815 praesens

184 1846 291 1876 cum
317 1833 517 1887 Renato,
555 1847 660 1892 rege
685 1830 870 1889 Siciliae,
908 1840 953 1876 et
989 1829 1202 1893 pluribus
1232 1829 1331 1875 aliis
1357 1829 1584 1893 principi—

184 1905 273 1951 bus
301 1908 537 1968 sanguinis
566 1908 657 1965 sui,
691 1907 869 1969 fuitque
893 1907 990 1970 ipse
1019 1906 1282 1969 hospitatus
1315 1907 1363 1951 in
1397 1923 1585 1953 monas-

184 1983 301 2028 terio
330 1983 652 2045 religiosarum
676 1984 855 2029 Sanctae
879 1983 1133 2039 Trinitatis,
1162 1981 1416 2045 aliquando
1442 1983 1582 2029 etiam

184 2059 230 2103 in
256 2060 540 2104 monasterio
565 2059 624 2105 de
657 2058 917 2105 Ardenna2.
946 2061 997 2103 In
1020 2057 1171 2120 burgo
1196 2068 1351 2104 autem
1378 2058 1437 2104 de
1460 2062 1583 2105 Vau-

183 2135 334 2181 cellis³
367 2146 515 2181 castra
549 2145 771 2199 posuerat
805 2144 911 2181 ante
945 2135 1064 2196 regis
1099 2134 1355 2181 adventum
1392 2134 1581 2180 illustris

183 2227 341 2257 comes
377 2213 632 2271 Dunensis3
682 2212 762 2275 qui
799 2212 964 2270 etiam,
1013 2221 1277 2275 expugnata
1315 2211 1580 2257 munitione

183 2288 414 2351 quadam,
453 2306 595 2353 quam
631 2299 738 2335 ante
780 2299 989 2352 portam,
1031 2305 1136 2352 quae
1172 2288 1314 2334 Mileti
1353 2287 1575 2347 dieitur⁴,

183 2366 319 2427 Angli
346 2375 685 2423 exstruxerant,
716 2366 865 2430 ipsam
899 2366 944 2412 vi
978 2375 1239 2429 receptam,
1277 2365 1441 2428 fugatis
1470 2365 1580 2412 inde

181 2440 421 2501 hostibus,
458 2442 677 2489 incendio
712 2443 936 2488 cremavit
966 2442 1013 2487 in
1048 2441 1344 2504 favillamque
1379 2441 1509 2488 dedit
1533 2451 1578 2488 et

235 2633 272 2668 1.
305 2632 353 2668 16
375 2629 450 2668 mai
469 2631 585 2668 1450.

232 2691 270 2727 2.
301 2692 371 2726 Les
391 2689 554 2738 abbayes
575 2687 620 2725 de
638 2687 674 2724 la
691 2687 830 2725 Trinite
848 2688 895 2725 de
914 2691 1014 2726 Caen
1034 2696 1070 2725 et
1090 2687 1309 2724 d'Ardaine.

236 2752 270 2786 3.
302 2752 354 2786 Le
371 2748 558 2798 faubourg
576 2748 622 2785 de
642 2748 835 2785 Vaueelles
853 2776 861 2793 ‚
884 2761 948 2785 sur
967 2748 1004 2784 la
1023 2755 1130 2784 route
1150 2746 1197 2783 de
1216 2746 1333 2783 Paris.

234 2811 272 2847 4.
303 2810 356 2845 La
375 2815 482 2859 porte
502 2807 633 2844 Millet.
