2037 3442
432 249 505 283 160
811 241 1148 276 HISTORIARUM
1176 242 1352 276 CAROLI
1382 243 1451 277 VII

429 337 476 373 et
512 327 667 388 ipsum
704 323 800 368 ullo
836 337 1051 382 unquam
1081 336 1179 365 aevo
1223 322 1468 367 amittendi
1511 327 1719 387 periculo
1752 344 1827 373 su·

429 401 587 447 blatis.

496 479 555 520 Ut
585 474 723 535 igitur
748 471 808 517 acl
841 480 1010 516 nostrae
1042 470 1324 516 narrationis
1360 473 1552 532 seriem,
1582 486 1830 538 postquam

428 552 568 614 hujus
597 550 767 611 reginae
800 551 1067 610 Margaretae
1096 558 1140 595 et
1164 547 1394 593 secundas
1425 560 1470 595 et
1495 551 1711 598 adversas
1738 554 1831 599 for-

429 640 567 675 tunas
592 628 795 674 breviter
817 626 1199 690 perstrinximus,
1225 634 1536 687 revertamur,
1565 639 1759 691 treugae,
1783 642 1832 678 ut

431 706 634 752 diximus
651 740 662 763 ‚
680 705 800 749 inter
818 719 950 765 reges
966 712 1011 748 et
1026 717 1166 765 regna
1181 701 1373 746 firmatae
1389 703 1594 764 primum
1618 705 1827 765 fuerunt,

431 798 556 828 anno
600 789 817 826 currente
853 779 1102 825 dominicae
1146 778 1479 823 incarnationis
1514 796 1792 826 MCCCCXLHI.
1813 819 1826 838 ,

431 875 592 904 mense
611 858 746 920 junio
765 860 799 915 ¹3
826 866 871 902 et
895 872 921 903 e
946 856 1132 901 diverso
1156 854 1320 899 Franci
1349 871 1460 899 cum
1483 856 1640 918 Anglis
1672 857 1833 918 viginti

433 946 540 982 octo
561 936 694 980 annis
714 934 1011 991 dimicamnt,
1039 941 1084 977 et
1103 946 1290 993 guerras
1314 930 1546 977 duxerant
1568 941 1707 995 atque
1723 950 1831 995 pro-

432 1021 683 1058 traxerant.
707 1014 758 1055 In
783 1026 879 1072 quo
905 1008 1100 1055 articulo
1122 1007 1458 1054 convenienter
1481 1007 1558 1052 hic
1583 1007 1722 1071 hujus
1744 1009 1833 1055 his-

434 1090 563 1135 toriae
587 1098 757 1134 nostrae
780 1087 900 1132 liber
924 1086 1089 1131 tertius
1111 1084 1309 1129 modum
1332 1085 1545 1147 accipiet.

487 1223 524 1257 1.
557 1224 697 1258 Erreur
715 1220 760 1257 de
782 1220 866 1257 date
883 1218 944 1269 qui
964 1226 1019 1255 est
1035 1230 1145 1254 cause
1166 1216 1212 1254 de
1231 1216 1512 1253 l’interversion
1531 1215 1595 1253 des
1616 1215 1698 1253 faits
1717 1220 1832 1266 qu’on

434 1293 679 1329 remarquera
702 1280 794 1318 dans
821 1280 874 1316 les
898 1278 1087 1329 chapitres
1111 1276 1294 1316 suivants.
1319 1279 1444 1314 L'acte
1470 1276 1535 1313 des
1558 1277 1681 1313 trcves
1702 1285 1756 1314 est
1780 1277 1832 1314 du

435 1342 483 1377 28
506 1340 581 1377 mai
601 1342 717 1376 1444.

884 1848 1053 1870 EXPLICIT
1082 1848 1188 1871 LIBER
1216 1848 1379 1873 TERTIUS.
