2037 3442
452 308 529 342 250
819 305 1157 342 HISTORIARUM
1189 305 1366 342 CAROLI
1398 308 1465 343 VII

450 387 574 431 idem
610 402 766 430 comes
798 385 845 429 id
882 384 1166 444 agnovisset,
1201 385 1281 446 qui
1311 384 1569 430 admodum
1603 389 1841 448 magnani-

452 479 553 506 mus
581 471 704 519 erat,
735 461 958 507 audacter
986 461 1177 506 eosdem
1207 477 1445 523 aggressus
1476 463 1522 506 in
1555 462 1709 524 fugam
1742 480 1841 508 ver-

451 540 501 583 tit
525 540 552 594 ¹,
589 554 761 600 eosque
794 537 852 583 ad
883 537 1055 582 moenia
1084 553 1230 599 usque
1262 547 1307 583 et
1340 547 1497 600 portas
1528 537 1654 583 urbis
1688 554 1843 600 perse-

449 624 608 671 cutus,
661 631 715 659 ex
759 615 823 659 eis
873 613 1103 677 plurimos
1151 613 1220 658 vel
1267 613 1462 672 occidit,
1513 614 1584 659 vel
1636 614 1842 676 captivos

450 690 656 736 abduxit.
696 694 803 736 Post
839 691 968 753 quod
992 690 1190 744 factum,
1220 705 1307 735 nec
1332 689 1449 734 ultra
1483 689 1541 735 de
1577 689 1742 753 proelio
1777 689 1842 735 fa-

449 767 640 822 ciendo,
666 783 752 812 nec
781 768 840 813 de
871 766 1086 812 exeundo
1114 775 1280 811 contra
1306 768 1508 810 Francos
1533 774 1658 810 extra
1689 766 1842 810 muni-

451 843 600 887 tiones
643 858 748 888 suas
791 843 1070 904 cogitarunt.
1127 841 1488 904 Comperierunt
1531 842 1657 886 enim
1707 857 1754 886 se
1799 851 1843 886 et

449 919 590 964 armis
613 928 657 963 et
685 918 862 964 viribus
889 922 1175 963 Francorum
1204 917 1263 963 ad
1291 916 1613 962 dimicandum
1647 917 1842 962 nimium

450 995 676 1057 impares,
720 994 799 1039 ubi
842 996 887 1039 in
924 993 1190 1057 patentibus
1231 994 1407 1056 campis
1442 992 1844 1054 congrediendum

452 1069 583 1115 foret.
619 1070 768 1128 Unde,
792 1070 869 1116 illa
886 1070 1017 1116 clade
1038 1078 1274 1132 suscepta,
1302 1069 1498 1132 posthac
1521 1070 1714 1114 minime
1738 1085 1842 1113 cum

450 1145 559 1207 ipsis
588 1146 804 1209 proelium
834 1147 951 1191 inire
979 1147 1077 1191 ausi
1107 1145 1310 1191 fuerunt.
1340 1147 1457 1191 Cum
1488 1155 1642 1191 autem
1671 1143 1845 1207 oppida

449 1222 689 1284 praedicta,
739 1233 790 1268 ut
823 1223 1046 1279 diximus,
1084 1239 1181 1267 sese
1218 1223 1390 1268 dedere
1429 1232 1591 1267 coacta
1626 1221 1842 1278 fuissent,

450 1314 552 1359 quae
582 1298 756 1342 caeteris
789 1298 1053 1344 civitatibus
1090 1307 1133 1343 et
1165 1298 1362 1343 castellis
1393 1298 1464 1342 vel
1496 1296 1707 1360 oppidis,
1744 1313 1847 1358 quae

449 1373 641 1418 ditionis
662 1373 916 1434 Anglorum
940 1383 1095 1427 erant,
1116 1374 1368 1419 munitiora
1389 1373 1691 1436 putabantur,
1717 1371 1847 1417 facile

450 1449 665 1493 veniente
690 1450 889 1494 exercitu
915 1450 973 1494 ad
1004 1449 1116 1495 alias
1139 1450 1346 1494 civitates
1368 1459 1413 1494 et
1444 1448 1648 1511 oppida,
1676 1448 1849 1510 pariter

450 1525 590 1569 etiam
614 1525 827 1586 singulae,
862 1542 956 1570 non
996 1535 1316 1588 exspectantes
1357 1525 1527 1570 damna
1569 1535 1707 1586 atque
1744 1540 1848 1568 mo-

450 1601 602 1645 lestias
635 1601 962 1659 obsidionum,
1002 1617 1100 1646 sese
1145 1600 1455 1659 dediderunt,
1490 1601 1681 1662 antiqua
1720 1609 1848 1644 terrae

451 1676 662 1721 libertate
686 1677 750 1722 eis
775 1693 996 1722 concessa
1026 1687 1072 1722 et
1102 1678 1357 1740 promissa,
1385 1677 1432 1722 in
1458 1693 1549 1739 qua
1573 1676 1659 1721 suh
1680 1675 1847 1736 Anglo-

452 1768 556 1796 rum
587 1749 773 1813 regibus
796 1752 938 1814 longo
960 1768 1057 1797 aevo
1082 1752 1170 1815 ipsi
1196 1752 1419 1796 vixerant.

516 1831 616 1872 Hoc
649 1828 774 1873 idem
822 1838 866 1873 et
916 1828 1199 1889 Burdegala,
1240 1828 1382 1872 totius
1427 1827 1586 1890 patriae
1625 1836 1765 1889 caput
1805 1836 1849 1871 et

454 1903 746 1966 metropolis,
778 1903 883 1948 licet
913 1904 1066 1948 minus
1091 1902 1377 1959 voluntarie,
1406 1902 1526 1947 fecit.
1555 1901 1646 1946 Sed
1669 1903 1847 1964 perspi-

451 1979 578 2023 ciens
624 1982 905 2024 Francorum
950 1979 1206 2040 potentiam
1257 1987 1301 2022 et
1348 1977 1467 2021 vires
1512 1976 1598 2020 sibi
1652 1977 1849 2037 graviter

452 2055 723 2113 imminere,
760 2071 784 2099 e
814 2055 997 2099 diverso
1037 2070 1149 2098 vero
1182 2054 1227 2097 in
1266 2053 1425 2113 Anglia
1461 2052 1769 2097 seditionibus
1804 2063 1849 2097 et

453 2130 623 2186 turbis,
667 2129 971 2192 civilibusque
1001 2139 1045 2174 et
1072 2129 1321 2192 plusquam
1354 2127 1568 2173 civilibus
1597 2127 1846 2172 dissensio-

453 2206 588 2251 nibus
624 2207 743 2251 inter
771 2208 1006 2270 principes
1033 2215 1077 2251 et
1105 2221 1322 2268 proceres
1356 2204 1509 2265 regni,
1542 2204 1700 2248 omnia
1733 2219 1846 2248 con-

455 2284 585 2327 fundi
605 2319 616 2341 ,
643 2299 827 2346 sperare
856 2300 951 2328 non
977 2283 1130 2346 potuit
1153 2281 1475 2326 subventionis
1494 2290 1632 2342 atque
1655 2296 1845 2324 succur-

451 2377 529 2405 sus
546 2361 709 2406 solatia
731 2376 757 2405 a
781 2376 925 2421 regno
952 2360 1120 2422 Angliae
1143 2368 1254 2403 tunc
1278 2357 1502 2418 consequi
1528 2372 1679 2418 posse.
1707 2357 1846 2417 Igitur

453 2455 706 2484 occurrens
741 2437 980 2501 periculis,
1022 2435 1283 2499 potioribus
1311 2450 1451 2496 quam
1489 2434 1639 2496 potuit
1670 2431 1845 2493 legibus

453 2516 680 2577 acceptis,
717 2516 761 2558 in
784 2514 860 2575 jus
894 2513 1217 2573 ditionemque
1248 2514 1533 2556 Francorum
1567 2509 1788 2553 concessit
1813 2510 1839 2551 ².

507 2689 542 2722 1.
575 2688 678 2723 Cette
698 2685 821 2722 action
842 2693 905 2722 eut
930 2684 1004 2722 lieu
1025 2684 1059 2721 le
1081 2686 1133 2719 1θΓ
1153 2681 1361 2719 novembre
1384 2682 1498 2717 1450.

506 2754 543 2787 2.
577 2752 624 2785 ⁴102
640 2750 723 2796 juin
745 2753 859 2786 1451.
