2037 3442
669 318 808 353 LIBER
836 318 1099 356 SECUNDUS.
1509 324 1578 360 211

640 486 979 531 CAPITULUM
1015 490 1154 533 XVII.

353 603 542 644 Quomodo
563 605 682 639 civitas
699 607 889 641 Lexovium
905 620 975 641 sese
992 609 1208 643 Francorum
1225 610 1297 656 regi
1317 610 1426 646 dedit.

260 705 366 758 Quo
410 721 566 750 rerum
614 708 804 753 ulterius
846 707 1158 770 gerendarum
1200 710 1342 754 veluti
1377 713 1589 775 auspicio

194 782 403 841 quodam
439 784 556 830 felici
586 786 785 849 amplius
817 787 1029 847 animati,
1056 797 1102 832 et
1135 786 1195 833 ad
1230 788 1359 833 lucra
1390 790 1591 851 praedas-

193 875 285 921 que
311 860 551 907 uberiores
569 862 716 908 allecti
741 863 758 925 (
770 879 879 909 nam
902 864 1080 910 dictum
1101 864 1334 927 oppidum
1354 874 1506 910 totum
1528 868 1594 913 eis

195 936 241 980 in
269 937 475 1000 praedam
502 939 749 1001 cesserat),
782 940 1032 986 consilium
1056 951 1337 1004 acceperunt
1359 941 1595 988 civitatem

195 1016 449 1060 Lexovium
473 1016 617 1074 adire,
642 1016 700 1062 ab
719 1017 913 1078 hujusce
938 1017 1352 1064 Pontis-Odomari
1378 1016 1596 1082 [oppido]

195 1102 373 1154 septem
387 1093 628 1139 dumtaxat
643 1093 785 1139 leucis
799 1095 952 1157 parvis
967 1104 1213 1141 remotam.
1235 1094 1454 1140 Sciebant
1471 1095 1598 1141 enim

195 1169 430 1214 civitatem
451 1170 599 1232 ipsam
620 1186 704 1215 nee
722 1169 861 1227 vallo,
885 1186 972 1215 nec
991 1170 1244 1228 moenibus,
1264 1186 1351 1215 nec
1372 1169 1595 1227 turribus,

194 1245 282 1289 nisi
306 1245 500 1301 exiliter,
528 1247 759 1292 munitam
774 1282 785 1304 ,
807 1261 892 1290 nec
912 1245 1169 1307 Anglorum
1191 1245 1406 1309 praesidia
1424 1245 1599 1292 habere

194 1320 388 1382 alicujus
424 1322 755 1368 aestimationis.
800 1325 910 1368 Erat
947 1332 1048 1368 tum
1081 1322 1295 1385 ejusdem
1330 1322 1527 1368 civitatis
1555 1332 1602 1368 et

195 1396 405 1444 dioecesis
428 1400 654 1462 pontifex,
683 1399 907 1457 Thomas,
938 1415 994 1445 ex
1017 1399 1206 1445 dioecesi
1229 1398 1602 1461 Rothomagensi

195 1475 425 1521 oriundus
444 1512 453 1534 ,
471 1477 542 1521 vir
560 1477 608 1522 in
632 1476 801 1522 divinis
823 1486 869 1522 et
888 1476 1107 1522 humanis
1122 1476 1286 1521 litteris
1304 1493 1402 1522 non
1420 1475 1601 1522 medio-

195 1552 333 1598 criter
355 1553 619 1613 institutus,
646 1553 749 1611 sed,
783 1553 915 1616 quod
938 1563 1006 1599 est
1027 1553 1346 1616 praestantius,
1373 1553 1570 1599 consilio
1586 1591 1598 1614 ,

195 1629 443 1693 prudentia
476 1639 522 1674 et
550 1629 597 1674 in
627 1633 780 1676 Deum
804 1646 858 1676 ac
881 1629 1150 1694 proximum
1173 1630 1354 1676 sincera
1377 1629 1602 1676 charitate

196 1706 304 1752 satis
327 1706 639 1770 conspicuus,
669 1716 810 1769 atque
834 1723 957 1752 unus
982 1707 1103 1752 inter¹
1128 1715 1320 1752 caeteros
1343 1705 1602 1752 Galliarum

195 1785 444 1848 episcopos
483 1783 605 1829 illius
646 1785 874 1848 temporis
910 1783 1112 1829 multum
1147 1783 1372 1829 famosus.
1412 1786 1456 1829 Is
1492 1799 1603 1829 cum

196 1861 454 1924 prudenter
488 1871 628 1925 atque
663 1862 896 1925 sapienter
926 1860 1320 1908 animadverteret
1357 1860 1517 1924 quales
1542 1861 1603 1907 ad

198 1937 551 1984 defendendum
585 1938 706 1984 vires
740 1947 905 1984 contra
938 1947 1112 1984 tantam
1141 1937 1389 1995 militiam,
1429 1947 1604 2001 quanta

199 2024 359 2060 contra
390 2032 523 2062 suam
555 2014 776 2062 veniebat
801 2016 1059 2076 civitatem,
1095 2015 1218 2061 cives
1243 2016 1316 2061 sui
1344 2031 1454 2060 cum
1487 2032 1602 2079 prae-

199 2091 317 2137 sidio
342 2093 524 2138 circiter
545 2102 735 2138 centum
752 2093 1035 2156 Anglorum,
1063 2093 1144 2155 qui
1167 2091 1262 2138 illic
1283 2108 1371 2156 pro
1391 2092 1604 2140 custodia

201 2168 419 2227 aderant,
447 2168 623 2215 habere
645 2179 863 2233 possent3
903 2170 1098 2216 metiens
1122 2169 1264 2216 etiam
1300 2178 1441 2232 atque
1475 2185 1603 2231 pon-

200 2244 370 2291 derans
390 2262 523 2308 aequo
546 2245 1006 2294 libraminecivitatis
1030 2263 1124 2292 suae
1146 2245 1353 2310 pericula
1377 2261 1432 2290 ex
1455 2244 1601 2289 infor-

202 2323 334 2368 tunio
353 2333 398 2369 et
416 2324 702 2381 calamitate,
726 2340 829 2386 quae
847 2324 1011 2369 vicinis
1034 2324 1128 2370 suis
1150 2339 1338 2386 suaeque
1356 2320 1604 2385 pastoralis

201 2416 323 2445 curae
355 2400 542 2446 creditis
575 2410 620 2446 et
653 2400 853 2446 subditis
876 2401 925 2446 in
953 2399 1355 2447 Ponte-Odomari
1377 2398 1604 2462 proximis

201 2476 366 2523 diebus
401 2478 737 2540 contigerant,⁰
763 2476 846 2523 ubi
880 2477 1065 2524 fuerant
1097 2494 1267 2539 magna
1298 2475 1475 2522 militiae
1515 2477 1604 2520 An-

202 2555 391 2617 glicanae
419 2554 657 2618 praesidia;
690 2554 855 2600 volens
889 2554 1064 2600 civium
1093 2554 1406 2616 omniumque
1435 2553 1483 2598 in
1523 2568 1606 2598 sua

203 2631 524 2676 exsistentium
571 2630 760 2676 dioecesi
801 2630 937 2675 saluti
987 2631 1234 2676 consulere
1256 2667 1267 2687 ,
1316 2627 1514 2693 provide
1563 2637 1608 2673 et

202 2711 543 2757 consultissime
582 2711 740 2756 statuit
788 2710 1144 2756 imminentibus
1187 2719 1326 2773 atque
1369 2708 1608 2773 praesenti-

201 2788 288 2833 bus
315 2789 454 2834 tantis
479 2788 668 2834 obviare
695 2787 929 2851 periculis.
957 2791 1012 2833 Et
1036 2787 1094 2833 de
1125 2788 1217 2833 hoc
1247 2787 1441 2851 quidem
1476 2803 1611 2850 roga-
