2037 3442
710 374 851 408 LIBER
880 373 1074 408 PRIMUS.
1534 369 1578 404 41

198 469 283 516 pro
325 468 406 498 sua
445 453 702 498 temeritate
735 453 981 516 supplicio,
1030 470 1086 498 eo
1119 450 1247 514 quod
1284 467 1391 495 cum
1430 449 1580 504 hoste,

197 539 362 574 contra
383 529 681 573 interdictum
703 545 837 574 suum
856 539 993 591 atque
1008 529 1272 591 imperium,
1296 527 1581 582 dimicasset;

197 614 338 667 prout
373 604 485 648 olim
526 605 745 649 Manlium
776 608 1061 667 Torquatum
1094 604 1152 649 de
1177 603 1369 666 proprio
1393 602 1488 647 filio
1517 602 1581 647 se-

197 681 330 735 cisse,
348 679 477 741 quod
500 690 663 725 contra
680 698 815 725 suum
835 681 1100 743 imperium,
1122 680 1226 724 licet
1249 678 1454 735 feliciter,
1478 694 1584 722 cum

200 756 329 801 hoste
365 766 636 819 pugnasset,
676 766 850 802 veteres
883 760 1201 802 Romanorum
1234 754 1437 798 historiae
1473 754 1586 799 refe-

199 842 324 876 runt.

263 911 364 952 Non
390 907 538 952 multo
566 917 720 953 autem
750 918 878 970 post,
902 908 1026 953 idem
1050 906 1302 968 Anglorum
1326 920 1427 961 rex,
1457 903 1581 965 gravi

199 986 367 1030 morbo
391 995 656 1046 correptus,
683 984 892 1030 debitum
927 985 1149 1029 universae
1180 981 1331 1027 carnis
1365 980 1581 1038 exsolvit,

198 1078 224 1107 a
246 1078 430 1107 summo
454 1061 632 1118 Judice,
656 1061 715 1106 ad
737 1060 1057 1123 recipiendum
1082 1075 1168 1122 pro
1191 1074 1382 1103 suorum
1413 1057 1586 1102 meritis

199 1155 395 1200 operum
411 1138 711 1200 stipendium,
731 1155 785 1183 ex
804 1137 895 1182 hoc
915 1135 1083 1181 saeculo
1106 1151 1306 1197 nequam
1326 1134 1579 1178 evocatus¹.

198 1218 358 1258 Fertur
380 1223 534 1258 autem
558 1214 797 1259 inflatione
819 1213 992 1258 ventris
1021 1221 1065 1257 et
1087 1227 1297 1269 crurum,
1324 1210 1395 1255 vel
1419 1226 1471 1254 ex
1497 1209 1586 1271 hy-

198 1289 373 1352 dropisi
394 1290 615 1346 tumidus,
636 1291 872 1336 defecisse.
887 1292 1036 1345 Quem
1058 1288 1275 1334 morbum
1297 1287 1460 1348 vulgus
1477 1303 1583 1331 eum

197 1365 443 1409 incurrisse
479 1365 683 1424 dicebat,
716 1365 844 1426 quod
880 1365 1034 1409 villam
1072 1373 1116 1409 et
1149 1364 1406 1409 oratorium
1439 1363 1584 1407 sancti

197 1441 367 1497 Fiacri,
406 1458 551 1503 prope
593 1443 823 1487 civitatem
868 1440 1174 1496 Meldemem,
1209 1439 1405 1503 praedari
1447 1448 1586 1499 atque

197 1517 386 1580 spoliari
411 1534 494 1580 per
517 1534 624 1563 suos
653 1518 725 1563 vel
750 1518 953 1575 fecisset,
980 1517 1052 1562 vel
1082 1517 1402 1580 permisisset?
1429 1515 1584 1560 Talem

197 1598 321 1641 enim
366 1597 680 1657 [egritudinem
729 1597 793 1642 sic
845 1596 968 1641 foedo
1014 1595 1356 1641 distendentem
1403 1604 1585 1639 tumore

200 1683 406 1718 ventrem
431 1683 475 1718 et
499 1690 634 1718 crura
649 1710 659 1730 ,
687 1674 849 1734 vulgus
873 1672 1089 1718 morbum
1114 1673 1258 1717 sancti
1282 1671 1427 1716 Fiacri
1448 1687 1585 1716 com-

199 1750 402 1794 muniter
435 1749 651 1812 appellat.
691 1749 888 1811 Reliquit
921 1758 1076 1794 autem
1109 1748 1256 1793 filium
1291 1747 1586 1809 impuberem

198 1824 407 1885 ejusdem
448 1825 679 1878 nominis,
718 1825 890 1870 scilicet
925 1825 1203 1881 Henricum,
1246 1825 1352 1886 qui,
1395 1833 1584 1869 mortuo

197 1909 350 1962 patre,
375 1900 512 1946 variis
547 1917 600 1945 ac
639 1901 766 1946 miris
801 1900 994 1946 fortunae
1025 1900 1259 1958 ludibriis,
1288 1915 1414 1945 nunc
1444 1900 1587 1945 subli-

198 1984 364 2034 matus,
386 1991 510 2021 nune
531 1976 752 2038 dejectus,
773 1978 831 2023 ad
854 1977 1084 2036 ultimum,
1102 1993 1211 2022 curn
1232 1976 1311 2022 diu
1331 1987 1581 2038 regnasset,

200 2050 520 2096 miserabiliter
569 2051 685 2096 obiit
724 2070 734 2096 :
785 2052 1037 2115 aliquando
1086 2053 1288 2098 duorum
1330 2069 1585 2115 regnorum

200 2126 508 2172 maximorum
546 2128 689 2173 titulis
726 2128 979 2174 adornatus
1013 2138 1056 2174 et
1090 2139 1290 2192 utroque
1327 2145 1496 2192 magna
1532 2146 1586 2174 ex

252 2296 288 2330 1.
319 2297 370 2330 Le
392 2295 433 2330 321
462 2296 550 2330 aout
577 2296 687 2330 1422.

251 2353 287 2388 2.
321 2354 460 2388 Erreur
480 2353 526 2389 de
546 2353 718 2391 l’auteur.
755 2354 859 2391 Voici
885 2354 919 2391 le
938 2354 1022 2402 fait,
1057 2355 1105 2392 tel
1133 2355 1225 2403 qu'il
1250 2363 1304 2391 est
1324 2355 1500 2404 rapport&
1520 2368 1586 2404 par

197 2411 381 2447 Jouvenel
400 2411 464 2448 des
483 2412 631 2459 Ursins,
660 2425 705 2449 en
737 2426 776 2450 sa
795 2413 1002 2463 chronique
1031 2414 1077 2451 de
1102 2414 1253 2452 Charles
1273 2417 1322 2451 VI
1343 2429 1349 2450 :
1377 2432 1391 2447 (ι
1416 2414 1445 2451 Il
1465 2428 1504 2451 se
1524 2415 1587 2451 di-

198 2469 268 2505 soit
285 2471 589 2507 communement
614 2472 704 2521 qu’il
725 2472 826 2509 avoit
842 2474 917 2510 este
932 2476 951 2509 a
974 2473 1116 2524 l’e'glise
1134 2482 1169 2510 et
1191 2473 1361 2524 chapelle
1381 2473 1427 2510 de
1444 2487 1485 2511 ce
1503 2475 1586 2524 glo-

197 2527 305 2564 rieux
326 2528 444 2573 saint,
466 2530 733 2581 monseigneur
755 2531 851 2568 saint
868 2532 1011 2578 Fiacre‚
1033 2540 1068 2569 et
1088 2545 1161 2582 que
1184 2546 1251 2569 son
1274 2533 1457 2570 intention
1478 2534 1587 2570 estoit

198 2585 244 2622 de
264 2594 494 2636 transporter
515 2588 606 2625 ledit
621 2602 730 2639 corps
750 2590 800 2626 du
817 2590 892 2626 lieu
906 2593 955 2627 ou
974 2591 997 2626 il
1020 2591 1128 2627 estoit
1145 2603 1191 2627 en
1210 2604 1260 2627 un
1280 2599 1399 2627 autre.
1419 2593 1462 2627 Et
1478 2592 1587 2629 estoit

197 2658 395 2682 commune
412 2648 628 2684 renommee
647 2662 720 2697 que
739 2649 881 2686 c’estoit
900 2663 945 2687 en
966 2663 1031 2686 son
1056 2664 1148 2700 pays
1170 2650 1441 2701 d’Angleterre.
1468 2652 1518 2687 Or
1539 2665 1585 2688 en

198 2704 266 2741 telz
293 2718 353 2741 cas
382 2715 563 2753 souvent‚
590 2717 706 2757 quant
733 2710 753 2745 a
772 2709 883 2755 Dieu,
917 2710 952 2747 la
971 2711 1124 2747 volonte
1146 2719 1198 2748 est
1221 2711 1402 2761 repputee
1430 2724 1527 2761 pour
1550 2711 1585 2747 le

197 2762 295 2799 faict.
324 2766 355 2799 A
376 2772 470 2800 cette
491 2778 600 2802 cause
621 2766 804 2803 disoit-on
831 2780 904 2817 que
934 2768 1031 2805 Dieu
1050 2768 1180 2805 l‘avoit
1199 2770 1277 2806 oste
1297 2769 1343 2806 de
1370 2782 1412 2806 ce
1431 2770 1583 2815 monde,

194 2820 282 2857 affin
295 2821 386 2870 qu’il
406 2835 454 2859 ne
470 2823 555 2860 mist
574 2837 613 2861 sa
634 2824 839 2863 maulvaise
860 2826 1045 2877 volontena
1064 2827 1276 2864 execution.
1303 2844 1319 2859 υ
