2037 3442
454 284 526 317 ’176
827 279 1161 314 tiisTofflARUM
1190 280 1366 314 CAROLI
1395 281 1461 313 V11

453 363 570 406 forte
610 360 681 403 vel
725 373 968 418 nunquam
1012 356 1082 401 vel
1117 357 1193 400 vix
1228 357 1275 400 in
1305 357 1460 401 multis
1494 359 1671 403 saeculis
1706 361 1846 405 semel

450 435 717 496 continget,
745 442 872 478 certa
895 449 944 478 se
966 448 1020 477 ac
1048 432 1244 495 perenni
1272 431 1460 476 miseria
1490 441 1630 494 atque
1653 432 1846 478 infelici-

452 521 543 557 tate
572 509 688 556 velle
726 508 932 563 demere,
972 523 1152 569 magnae
1178 516 1245 552 est
1272 497 1490 553 stultitiae.
1520 511 1622 553 Hoc
1650 525 1747 553 non
1774 510 1848 556 fa-

450 587 580 632 ciunt
607 601 694 630 nec
724 601 918 646 regnum
955 582 1155 646 Angliae,
1195 583 1266 628 vel
1300 582 1377 628 atii
1415 599 1533 645 quos
1560 586 1848 630 Francorum

450 679 529 708 rex
561 661 647 707 sibi
676 670 862 724 reputat
894 660 1076 713 hoste5‚
1103 660 1209 721 qui,
1237 668 1431 723 propter
1454 667 1628 705 metum
1649 663 1850 705 Franco-

450 755 573 798 rum,
590 753 687 782 non
706 753 753 782 se
773 735 1082 797 subditosque
1103 750 1213 780 suos
1230 734 1320 780 hac
1340 733 1600 780 calamitate
1621 735 1849 781 condem-

451 825 565 860 nant
581 851 592 873 ‚
618 823 670 859 ut
698 813 758 858 ad
783 811 1082 858 tolerandum
1107 820 1152 856 et
1179 810 1507 856 sustinendum
1534 820 1711 856 tantam
1735 828 1849 857 con-

450 890 692 936 ductitiam
717 889 948 945 militiam,
967 887 1104 933 simul
1123 904 1232 933 cum
1250 886 1434 932 tributis
1450 888 1572 950 (quae
1591 890 1849 935 necessaria

450 968 635 1030 sequela
657 978 700 1013 et
725 965 1051 1030 inseparabilis
1076 965 1135 1011 ad
1162 965 1335 1011 dictam
1361 965 1572 1010 militiam
1593 965 1849 1027 exsistunt)

450 1061 547 1090 sese
571 1061 775 1107 suosque
799 1043 1035 1089 adducere
1059 1041 1218 1088 velint.

514 1122 605 1167 Sed
628 1121 686 1166 de
710 1121 799 1167 hac
826 1120 1022 1182 quidem
1048 1121 1244 1166 materia
1273 1120 1439 1166 sentiet
1473 1120 1670 1183 quisque
1707 1130 1850 1182 prout

450 1199 595 1255 volet;
617 1207 778 1243 nostra
800 1213 912 1242 vero
937 1197 1167 1242 sententia
1192 1207 1275 1257 est,
1300 1213 1443 1259 quam
1464 1196 1681 1242 diximus.
1708 1195 1849 1256 Cujus

448 1291 556 1319 cum
581 1275 871 1319 contrarium
894 1273 1156 1319 admodum
1181 1274 1390 1336 tyrannis
1414 1283 1598 1335 gratum
1623 1273 1677 1317 sit
1704 1282 1749 1317 et
1768 1287 1849 1316 cu-

449 1351 598 1413 pitum
621 1384 632 1404 ‚
668 1350 854 1412 taleque
889 1349 1139 1395 consilium
1173 1349 1231 1395 ab
1256 1350 1311 1395 iis
1336 1351 1416 1412 qui
1445 1367 1500 1395 ex
1535 1350 1623 1394 hac
1661 1347 1850 1411 publica

448 1425 709 1471 calamitate
753 1425 1037 1489 compendia
1075 1427 1311 1489 accipiunt
1347 1427 1458 1489 <qui
1496 1442 1669 1488 magno
1712 1424 1851 1468 nimis

449 1519 648 1547 numero
695 1502 855 1564 sunt),
897 1502 1067 1563 jugiter
1120 1519 1285 1548 eorum
1330 1504 1522 1548 auribus
1574 1501 1845 1559 instilletur,

449 1590 498 1624 ut
524 1579 741 1636 diximus,
763 1596 860 1625 non
885 1596 1144 1642 speramus⁷
1175 1580 1231 1624 de
1266 1580 1361 1624 vita
1392 1596 1557 1625 eorum
1582 1579 1663 1641 qui
1689 1594 1846 1641 super*

449 1666 585 1711 sunt7
613 1655 771 1701 videre
805 1672 1002 1716 regnum
1039 1656 1128 1700 hac
1163 1656 1353 1718 publica
1392 1657 1573 1701 miseria
1613 1665 1751 1717 atque
1783 1655 1848 1699 in—

450 1732 663 1778 felicitate
698 1742 991 1794 exemptum3
1025 1732 1106 1777 sed
1147 1733 1323 1777 malum
1357 1733 1511 1794 ipsum
1544 1732 1849 1776 diuturnitate

450 1809 673 1872 temporis
699 1824 963 1853 excrescere
990 1809 1146 1871 potius
1178 1818 1223 1853 et
1255 1808 1412 1869 augeri
1431 1844 1442 1866 ‚
1471 1824 1779 1870 semperque,
1812 1810 1845 1852 si

448 1885 587 1930 etiam
613 1883 811 1929 deficere
834 1884 1100 1940 videantur,
1122 1900 1246 1929 nova
1275 1883 1397 1930 bella
1421 1900 1666 1945 novosque
1693 1894 1848 1927 motus

448 1970 642 2024 propter
665 1977 784 2024 quos
806 1960 1134 2021 hujuscemodi
1157 1961 1320 2007 militia
1336 1971 1380 2006 et
1397 1960 1571 2006 tributa
1591 1960 1743 2005 eidem
1766 1977 1848 2004 an-

449 2054 568 2083 nexa
585 2036 709 2100 [sint]
725 2037 1061 2094 continuanda,
1079 2038 1151 2082 vel
1171 2038 1381 2083 suscitari
1412 2038 1484 2082 vel
1502 2037 1727 2098 confingi.
1757 2040 1848 2082 Nee

449 2113 602 2158 solum
625 2116 912 2158 Francorum
937 2130 1134 2175 regnum
1164 2114 1400 2159 calamitas
1418 2113 1517 2158 haee
1541 2122 1584 2158 et
1608 2113 1847 2159 infelicitas

449 2189 655 2246 tenebit3
685 2190 765 2235 sed
795 2191 1075 2252 contagione
1111 2190 1250 2235 etiam
1280 2191 1435 2236 suain
1459 2190 1635 2235 vicinas
1670 2191 1847 2253 aliquas

450 2267 663 2311 nationes
687 2276 855 2329 serpet,
884 2283 1055 2330 easque
1080 2268 1197 2330 pari,
1223 2268 1309 2312 nisi
1329 2271 1453 2313 Deus
1470 2268 1699 2331 propitius
1717 2285 1845 2314 aver-

449 2352 529 2401 tat,
558 2342 818 2389 calamitate
842 2343 1097 2407 complebit
1116 2354 1254 2407 atque
1274 2344 1507 2403 conficiet,
1530 2355 1668 2408 prout
1681 2347 1778 2407 jam
1798 2346 1844 2391 in

448 2419 734 2482 quibusdam
748 2420 969 2466 dominiis
986 2421 1261 2466 inchoatum
1279 2438 1378 2466 esse
1392 2421 1607 2466 videmus
1624 2422 1682 2467 de
1700 2439 1841 2477 novo,

449 2514 550 2559 quae
572 2498 722 2559 longis
747 2507 871 2543 retro
897 2498 1189 2561 temporibus
1214 2515 1237 2542 a
1262 2498 1340 2543 tali
1363 2499 1582 2543 servitute
1601 2508 1741 2562 atque
1766 2499 1846 2543 nti-

450 2574 568 2619 seria
588 2574 735 2620 libera
760 2575 1044 2620 exstiterant.

516 2652 607 2694 Nec
632 2651 746 2695 mihi
776 2652 935 2698 afferat
974 2653 1105 2714 quis,
1134 2652 1193 2698 ad
1224 2651 1515 2698 suadendum
1541 2652 1679 2713 hujus
1709 2661 1842 2697 tanta?

452 2725 622 2770 mititiae
656 2729 1010 2788 necessitatem,
1044 2739 1139 2775 tam
1165 2729 1275 2775 belli
1304 2746 1445 2790 quam
1470 2730 1595 2792 pacis
1624 2729 1841 2791 tempori*
