2142 3473
775 379 917 414 LIBER
950 379 1148 415 PRIMUS.
1613 378 1655 413 21

265 474 460 519 regnum
484 476 619 504 suum
639 459 790 504 redire
816 460 1072 516 sineretur3
1100 460 1229 522 quod
1250 476 1358 505 cum
1378 459 1572 504 minime
1595 476 1658 504 re-

264 537 512 599 ciperetur,
543 539 667 584 velut
697 540 967 585 necessitate
1000 539 1314 603 compulsum,
1343 538 1402 584 ad
1434 538 1660 585 dimican-

264 612 378 658 dum
404 625 448 660 et
471 617 613 661 armis
635 616 913 661 certandum
937 633 985 662 sc
1010 633 1214 679 parasse.

327 693 446 738 Cum
482 693 638 755 itaque
668 694 936 739 immineret
970 693 1067 739 (lies
1089 710 1185 755 quo
1218 691 1278 738 ad
1308 701 1545 737 certamen
1578 692 1659 737 de-

264 769 551 815 veniendum
588 781 713 827 crat,
747 773 867 817 acies
892 788 945 817 ex
980 781 1179 833 utraque
1201 778 1333 833 parte
1357 769 1593 814 instructae
1616 780 1662 815 et

264 845 489 892 ordinaire
523 857 646 893 sunt.
684 848 740 892 Et
785 864 863 892 rex
901 847 1092 909 quidem
1131 845 1387 907 Anglorum
1428 844 1488 890 ad
1522 861 1659 891 suum

263 922 517 968 exercitum
540 923 866 985 hujuscemodi
895 923 1049 969 verbis
1079 923 1387 968 concionatus
1415 937 1514 967 esse
1547 921 1658 967 dici-

263 1007 353 1057 tur,
384 999 655 1062 priusquam
675 1010 910 1046 certamen
929 999 1258 1062 aggrederetur
1277 1016 1285 1043 ε

332 1093 353 1116 «
377 1076 511 1120 Venit
529 1092 655 1121 nunc
672 1077 805 1133 hora,
821 1092 849 1121 o
866 1075 1212 1121 commilitones
1226 1074 1392 1137 optimi
1409 1083 1549 1136 atque
1563 1072 1659 1120 for·

263 1150 446 1208 tissimi,
465 1167 558 1213 qua
575 1152 731 1211 vobis,
756 1169 854 1198 non
882 1168 968 1215 pro
989 1151 1135 1213 gloria
1154 1150 1228 1197 vel
1246 1149 1553 1214 propaganda
1575 1166 1660 1195 no-

263 1225 400 1270 minis
414 1226 552 1286 fama,
569 1230 647 1274 scd
664 1247 750 1293 pro
764 1231 874 1285 vita,
889 1228 1213 1274 dimicandum
1231 1238 1315 1274 est.
1333 1231 1428 1274 Nos
1442 1228 1653 1291 quidem,

261 1304 504 1351 Gallorum
519 1309 929 1371 praesumptionem
950 1317 1088 1370 atque
1106 1307 1290 1352 animos
1304 1307 1413 1352 satis
1426 1316 1658 1370 spectatos

262 1380 503 1440 babentes,
518 1394 696 1429 certum
711 1384 940 1431 habemus
956 1382 1120 1448 [quod]
1134 1420 1144 1441 ,
1160 1384 1196 1429 si
1212 1399 1294 1446 per
1307 1383 1540 1444 ignaviam
1556 1399 1657 1429 ves-

261 1468 378 1504 tram
409 1477 489 1505 seu
517 1472 692 1507 metum
720 1462 779 1508 ab
806 1462 870 1508 eis
894 1462 1098 1524 opprimi
1124 1461 1456 1518 sustinueritis,
1481 1462 1658 1506 nemini

261 1540 700 1601 vestrumparcituri
719 1548 880 1596 erunt3
906 1539 989 1584 sed
1014 1555 1194 1598 omnes,
1223 1539 1365 1584 veluti
1388 1538 1596 1602 plebeios
1613 1549 1659 1585 et

259 1613 505 1675 ignobiles,
523 1632 748 1678 pecorum
772 1632 920 1672 more,
940 1614 1258 1661 trucidabunt.
1278 1617 1375 1676 Ego
1399 1615 1593 1677 quidem
1612 1626 1658 1661 et

259 1691 496 1751 sanguinis
513 1694 603 1737 mei
627 1693 862 1756 principes
879 1691 927 1737 id
944 1692 1081 1737 nobis
1102 1701 1444 1755 proventurum
1464 1693 1657 1738 minime

259 1767 583 1827 formidamus,
607 1785 633 1815 a
656 1769 825 1831 quibus
853 1785 1023 1831 magna
1041 1768 1141 1814 auri
1163 1768 1374 1832 pondera
1401 1769 1652 1832 consequi,

259 1845 295 1890 si
320 1862 406 1891 nos
427 1846 689 1903 vincerent,
716 1856 972 1910 sperantes,
996 1862 1177 1892 servare
1195 1845 1335 1907 longe
1351 1846 1497 1908 magis
1513 1862 1656 1909 quam

258 1922 488 1985 perimere
517 1922 676 1968 hostes
707 1922 957 1968 curabunt.
986 1922 1076 1968 Sed
1110 1922 1148 1967 si
1176 1931 1358 1968 tantum
1392 1922 1655 1985 periculum

259 1997 461 2059 effugere
497 2015 551 2044 ac
589 2000 734 2045 vitare
774 1999 999 2063 cupietis,
1026 2008 1177 2044 metus
1212 1999 1366 2044 omnis
1399 1998 1461 2045 ab
1495 2000 1656 2046 animo

259 2074 504 2136 pellendus
535 2085 628 2134 est,
653 2093 741 2122 nec
772 2076 906 2122 vobis
929 2075 1213 2139 sperandum
1236 2085 1311 2132 ut,
1339 2075 1399 2123 ad
1424 2075 1659 2122 redimen-

259 2150 375 2195 dum
393 2152 537 2197 vitam
561 2163 764 2199 vestram
790 2154 1012 2216 pecunia,
1039 2153 1182 2198 iidem
1205 2152 1366 2198 hostes
1393 2168 1477 2198 vos
1499 2152 1658 2198 adser-

259 2238 396 2287 vent,
442 2229 521 2291 qui
569 2229 629 2275 ad
665 2239 851 2291 gentem
894 2239 1103 2275 nostram
1142 2230 1454 2276 inveteratum
1493 2229 1659 2275 odium

258 2317 398 2369 atque
432 2306 784 2352 acerbissimum
819 2324 1002 2371 semper
1023 2307 1217 2354 habent.
1251 2311 1410 2370 Itaque
1438 2308 1474 2352 si
1502 2307 1660 2353 vivere

257 2383 413 2446 potius
442 2399 585 2445 quam
616 2385 738 2429 mori
774 2384 994 2442 delectat,
1023 2401 1154 2430 more
1189 2385 1382 2430 fortium
1417 2383 1656 2442 virorum,

258 2470 417 2506 vestrae
434 2460 711 2519 nobilitatis,
739 2471 785 2507 et
810 2461 959 2519 famae,
988 2471 1126 2523 atque
1152 2461 1309 2523 gloriae
1334 2460 1591 2522 Anglorum
1611 2460 1660 2506 in

257 2537 396 2583 rebus
419 2537 614 2595 bellicis,
637 2539 916 2584 memoriam
940 2538 1183 2597 habentes,
1206 2548 1434 2600 tanquam
1458 2537 1544 2583 viri
1567 2537 1660 2582 for-

257 2617 362 2661 titer
381 2625 425 2660 et
448 2624 635 2661 strenue
660 2632 747 2679 pro
766 2615 1015 2662 animabus
1038 2616 1200 2662 vestris
1224 2615 1483 2661 dimicate¹.
1507 2632 1529 2657 »

310 2784 346 2818 1.
380 2783 429 2818 Ce
455 2781 624 2819 discours
654 2785 751 2819 n’est
780 2782 898 2832 qu'un
928 2781 1097 2819 exercice
1123 2781 1301 2820 oratoire.
1329 2783 1537 2832 Comparer
1566 2782 1661 2821 celui

258 2853 332 2890 que
353 2841 388 2878 le
409 2841 609 2892 Religieux
627 2840 674 2878 de
697 2840 938 2879 Saint-Denis
955 2841 1021 2878 fait
1043 2841 1156 2889 tenir,
1179 2854 1271 2879 avec
1291 2840 1379 2878 bien
1400 2841 1485 2892 plus
1505 2840 1666 2891 &appa-
