2037 3442
754 272 895 305 LlBER
925 270 1148 316 QUINTUS.
1576 274 1651 307 ⁶285

259 353 359 398 lites
377 352 537 415 patris,
560 351 639 413 qui
661 350 719 396 ad
743 351 840 413 ejus
861 350 1097 396 ordinaria
1123 351 1350 414 stipendia
1372 351 1650 409 militabant,

260 430 513 491 ducesque,
545 445 844 491 quacumque
868 437 964 472 arte
992 437 1194 490 poterat,
1217 427 1274 472 de
1298 429 1486 474 servitio
1511 431 1653 492 patris

260 507 329 550 sui
353 506 550 550 educere
569 543 579 564 ,
605 515 647 551 et
665 505 723 551 ad
742 504 1066 566 delphinatum
1085 521 1220 548 suum
1239 505 1486 551 attrahere.
1520 508 1654 553 Unde

261 583 587 646 quamplures,
614 599 769 628 rerum
795 597 1021 626 novarum
1042 581 1239 643 cupidos
1260 590 1326 640 et,
1351 592 1400 627 ut
1424 583 1536 628 tales
1560 601 1656 629 esse

262 659 438 717 solent,
466 676 631 722 parum
660 667 928 705 constantes
946 693 955 708 ‚
998 658 1388 719 promissionibus
1426 662 1657 723 variisque

262 737 652 782 machinamentis
677 735 762 779 sibi
791 734 1015 788 adscivit,
1046 733 1149 778 licet
1174 733 1221 778 id
1246 736 1365 796 patri
1398 751 1483 780 suo
1517 737 1658 782 vehe-

263 822 445 858 menter
485 812 754 874 displicere,
799 826 1003 871 eumque
1039 809 1083 853 in
1125 810 1269 854 malas
1312 810 1370 855 de
1407 828 1463 856 eo
1509 814 1657 874 suspi-

262 888 421 933 ciones
454 897 703 950 propterea
734 885 969 931 adducere
1005 900 1100 929 non
1136 885 1401 945 ignoraret3
1441 887 1522 932 sed
1560 889 1656 951 pie—

264 973 402 1009 tatem
422 998 432 1015 ‚
477 979 619 1024 quam
667 961 864 1006 naturali
903 961 1030 1022 jure·
1054 961 1216 1006 divino
1262 972 1402 1025 atque
1448 963 1659 1010 humano

265 1057 429 1086 omnes
458 1038 729 1102 parentibus
763 1038 966 1096 debent,
997 1038 1147 1082 taliter
1181 1054 1278 1083 non
1310 1040 1557 1105 verebatur
1592 1042 1661 1086 of-

265 1120 471 1165 fendere.

329 1195 510 1251 Quibus
547 1195 686 1240 rebus
721 1194 1084 1251 animadversis,
1114 1204 1159 1239 et
1193 1212 1287 1257 quo
1311 1196 1583 1254 tenderent,
1625 1199 1662 1242 si

263 1287 562 1334 progressum
586 1271 760 1316 habere
796 1271 988 1328 sineret,
1015 1286 1113 1315 non
1146 1271 1326 1316 nescius
1358 1282 1503 1335 pater,
1531 1274 1664 1334 cogi-

264 1349 403 1403 tavit,
432 1348 706 1411 priusquam
731 1349 915 1409 longius
943 1348 1173 1410 latiusque
1197 1350 1560 1411 progrederetur
1582 1367 1663 1413 pe-

264 1424 492 1481 riculum,
526 1424 612 1469 sibi
636 1441 877 1486 regnoque
907 1425 1167 1469 consulere.
1198 1427 1304 1480 Quo
1329 1426 1452 1488 ipse,
1488 1426 1664 1489 absque

266 1501 358 1547 ulla
392 1501 720 1562 ambiguitate,
759 1502 960 1546 libenter
986 1511 1216 1546 exsortem
1242 1518 1350 1547 eum
1385 1504 1592 1559 fecisset,
1629 1505 1666 1548 si

266 1593 401 1640 pares
417 1577 576 1621 animo
596 1586 641 1621 et
655 1576 902 1622 ambitioni
923 1593 1016 1621 suae
1032 1577 1153 1621 vires
1174 1577 1392 1639 colligere
1409 1580 1661 1640 potuisset3

267 1669 361 1697 nou
393 1653 520 1698 enim
555 1652 614 1697 ab
650 1654 748 1714 ejus
783 1653 1011 1698 memoria
1035 1653 1270 1698 exciderat
1299 1654 1497 1715 qualiter
1526 1656 1661 1715 olim,

267 1741 366 1776 tuni
391 1748 522 1795 paene
544 1731 840 1789 adolescens,
861 1748 971 1776 eum
991 1747 1135 1793 regno
1157 1731 1406 1777 deturbare
1429 1748 1482 1778 ac
1507 1732 1668 1796 depel-

268 1809 360 1854 lere
402 1818 667 1854 attentarat.
713 1809 947 1864 Quocirca
990 1808 1171 1852 cautior
1210 1808 1433 1866 effectus,
1476 1811 1669 1856 studens

270 1883 457 1929 obviam
498 1884 565 1929 ire
604 1884 914 1930 comminanti
943 1883 1181 1946 procellae,
1222 1900 1330 1929 cum
1362 1885 1501 1930 etiam
1540 1886 1670 1930 mul—

271 1970 430 2005 torum
450 1960 508 2004 de
529 1960 698 2005 eodem
730 1977 815 2005 suo
847 1960 943 2005 filio
967 1960 1193 2023 querelis,
1221 1960 1280 2006 de
1313 1961 1492 2023 injuriis
1530 1972 1669 2024 atque

271 2036 595 2098 iniquitatibus
639 2053 754 2098 quas
791 2038 838 2082 in
881 2038 980 2083 dies
1024 2038 1378 2093 committebat,
1427 2049 1670 2101 permotus

271 2113 637 2175 sollicitatusque
661 2123 778 2158 esset
801 2150 812 2172 ,
841 2130 949 2158 cum
975 2115 1177 2159 exercitu
1201 2130 1361 2159 versus
1390 2114 1670 2176 Lugdunum

272 2200 412 2253 atque
448 2191 679 2235 Viennam
726 2191 997 2248 contendit3
1050 2190 1131 2236 ubi
1174 2208 1283 2236 cum
1336 2191 1671 2254 aliquantisper

273 2279 535 2316 remoratus
560 2279 699 2328 esset,
728 2270 922 2315 credens
946 2270 1156 2332 ejusdem
1182 2270 1262 2315 filii
1284 2270 1354 2315 sui
1377 2271 1588 2315 animum
1613 2270 1672 2316 de

274 2364 359 2392 suo
393 2348 612 2392 exterreri
635 2346 879 2405 adventu¹,
908 2347 968 2392 ad
992 2357 1329 2410 paternamque
1354 2347 1672 2393 obedientiam

275 2440 327 2469 ac
364 2425 674 2470 reverentiam
704 2424 776 2470 vel
813 2425 877 2470 sic
907 2424 1079 2471 debere
1114 2425 1342 2483 emolliri,
1376 2426 1536 2488 copias
1569 2443 1673 2472 suas

331 2566 366 2599 1.
400 2562 621 2612 Septembre
637 2564 751 2599 1156.
777 2565 956 2600 L⁷auteur
975 2562 1185 2600 intervertit
1204 2562 1257 2599 les
1278 2562 1374 2599 faits.
1393 2564 1446 2599 Le
1462 2562 1538 2609 roi,
1561 2573 1675 2601 avant

278 2622 324 2659 (16
356 2635 394 2659 56
426 2630 559 2657 mettre
582 2635 628 2658 en
650 2630 776 2667 route,
800 2622 900 2658 avait
922 2621 1069 2671 envoyc
1089 2621 1252 2658 Antoine
1274 2620 1320 2658 de
1344 2620 1565 2659 Chabannes
1582 2636 1675 2660 avec

275 2681 417 2718 l'ordre
438 2681 620 2717 d’arreter
640 2681 672 2717 le
693 2680 875 2730 daupliin.
910 2682 1007 2717 C'est
1036 2680 1221 2717 lii-dessus
1251 2693 1325 2729 que
1355 2679 1507 2718 celui-ci
1535 2682 1610 2732 prit
1638 2681 1675 2719 la

277 2740 394 2788 1⁴11ite3
417 2740 441 2777 il
464 2740 551 2777 e'tait
571 2739 689 2790 parti,
713 2739 864 2788 lorsque
884 2739 1039 2777 Cliarles
1056 2741 1124 2777 VII
1147 2739 1273 2776 arriva
1292 2741 1311 2775 ἐι
1334 2741 1455 2788 Lyon.
