2037 3442
768 294 910 330 LIBER
939 294 1203 331 SECUNDUS.
1637 295 1683 328 87

727 500 1062 544 CAPITULUM
1097 502 1236 545 XVII.

325 635 517 678 Quomodo
534 649 597 682 per
613 637 763 671 Francos
780 638 888 671 levata
906 638 970 671 fuit
987 637 1124 671 obsidio
1142 646 1220 672 ante
1237 637 1510 683 compendium,
1528 645 1560 672 et
1576 648 1654 684 post

669 697 771 730 etiam
790 696 964 731 obsidium
982 705 1061 731 ante
1076 697 1307 732 Latiniacum.

353 825 494 887 Igitur
518 836 621 888 post
645 826 833 888 longam
866 825 1162 871 obsidionem
1186 823 1493 888 Compendii,
1522 824 1570 869 in
1600 840 1693 886 qua

288 902 426 947 etiam
459 902 713 964 aliquando
751 903 1058 966 personaliter
1089 902 1236 948 adfuit
1275 901 1538 964 Philippus,
1583 904 1695 946 Bur··

287 980 583 1041 gundionum
603 981 695 1026 dux
716 981 928 1039 illustris,
949 997 1057 1026 cum
1079 980 1334 1042 Anglorum
1355 979 1533 1042 copiis,
1554 981 1694 1023 Fran-

286 1073 453 1101 corum
478 1057 645 1115 duces,
674 1058 924 1103 contractis
958 1058 1169 1120 undique
1196 1057 1289 1102 suis
1324 1056 1549 1101 militibus
1569 1093 1580 1115 ,
1607 1056 1692 1101 ob-

286 1149 488 1178 sessores
524 1151 791 1197 expugnare
824 1135 1023 1196 aggressi
1061 1143 1201 1193 sunt,
1242 1143 1287 1179 et
1321 1134 1502 1196 impetu
1535 1132 1693 1178 valido

287 1226 414 1267 cum,
437 1211 483 1253 in
508 1210 664 1255 multis
688 1220 979 1256 armatorum
999 1209 1279 1271 agminibus,
1300 1209 1692 1271 Burgundionum

285 1286 639 1349 Anglorumque
665 1297 812 1332 castra
838 1296 1024 1332 strenue
1050 1285 1355 1343 invaderent,
1384 1286 1511 1331 caesis
1539 1302 1594 1330 ex
1628 1285 1693 1330 eis

286 1363 525 1425 plurimis,
563 1365 820 1427 fugatisque
849 1364 1024 1409 caeteris
1057 1363 1311 1425 castrisque
1350 1362 1519 1419 exutis,
1560 1362 1694 1426 oppi-

287 1439 403 1485 dum
432 1440 531 1502 jam
568 1441 750 1487 diutina
787 1441 1034 1487 obsidione
1070 1441 1309 1503 fatigatum
1345 1450 1391 1486 et
1422 1457 1606 1486 cassum
1644 1441 1690 1485 in

286 1532 420 1562 suam
442 1517 539 1578 jam
561 1519 865 1564 restituerunt
887 1518 1153 1564 libertatem
1171 1520 1197 1562 ¹.

351 1596 448 1639 Hac
491 1604 646 1640 autem
682 1596 939 1657 ignominia
979 1596 1257 1657 jacturaque
1296 1604 1533 1658 suscepta,
1582 1611 1690 1640 cum

285 1671 397 1717 urbs
418 1673 542 1733 regia
568 1673 852 1718 Parisiorum
881 1690 937 1718 ex
961 1673 1132 1718 vicinia
1158 1672 1401 1731 Latiniaci,
1427 1671 1590 1735 oppidi
1619 1689 1693 1717 su-

285 1766 369 1812 pra
387 1752 651 1794 Matronam
670 1751 845 1796 flumen
865 1751 938 1795 siti
956 1785 967 1807 ,
988 1750 1145 1796 multis
1161 1749 1425 1795 afficeretur
1439 1749 1687 1808 molestiis,

288 1843 343 1872 ex
364 1837 514 1873 morte
529 1828 663 1873 dictae
685 1827 913 1874 Johannae
932 1827 1096 1873 Puellae
1118 1844 1220 1890 quae
1239 1836 1419 1874 tantum
1434 1843 1515 1872 eos
1539 1837 1690 1872 exter-

288 1915 464 1964 ruerat,
487 1905 681 1968 Anglici,
708 1905 881 1950 viribus
905 1915 1161 1967 utcumque
1184 1904 1449 1967 animisque
1472 1905 1687 1968 receptis,

289 1982 600 2029 decreverunt
628 1984 796 2030 urbem
821 1984 1114 2030 infestatione
1142 1983 1251 2029 dicti
1283 1983 1447 2047 oppidi
1470 1983 1686 2029 liberare.

288 2062 463 2108 Contra
484 2062 614 2123 quod
630 2071 780 2108 castra
810 2071 1058 2120 metantes,
1086 2062 1240 2124 ipsum
1261 2060 1413 2106 valida
1442 2060 1692 2106 obsidione

289 2139 553 2184 cinxerunt.
576 2142 779 2202 Eratque
803 2155 1004 2202 praesens
1021 2139 1068 2183 in
1089 2139 1254 2184 eadem
1272 2137 1365 2183 dux
1390 2136 1688 2197 Bethfordiae,

289 2216 369 2277 qui
395 2232 560 2278 regens
593 2232 672 2261 seu
704 2216 886 2262 vicerex
910 2216 1112 2262 Franciae
1137 2232 1225 2279 pro
1259 2215 1519 2276 Anglorum
1544 2215 1691 2278 parti-

289 2294 376 2340 bus
401 2294 660 2340 dicebatur.
692 2295 968 2356 Sategerunt
990 2304 1147 2340 autem
1167 2293 1345 2356 Anglici
1369 2293 1510 2339 variis
1538 2293 1693 2339 modis

288 2388 342 2418 ac
366 2371 757 2417 machinamentis
776 2383 827 2418 ut
853 2373 1007 2436 ipsum
1031 2371 1262 2436 oppidum
1286 2371 1330 2416 vi
1355 2371 1590 2434 armisque
1613 2388 1692 2416 ex—

289 2459 575 2512 pugnarent,
600 2450 741 2505 saxis‚
765 2451 979 2512 petrariis
1002 2456 1047 2496 et
1069 2449 1317 2495 tormentis
1336 2448 1572 2494 moenibus
1598 2458 1695 2493 tur-

290 2525 515 2589 ribusque
561 2527 1022 2590 propugnaculisque
1062 2526 1250 2589 dejectis
1284 2543 1338 2574 ac
1374 2526 1556 2572 dirutis.
1604 2526 1694 2572 Sed

288 2601 388 2648 haec
422 2604 582 2649 omnia
611 2597 658 2648 in
693 2604 877 2649 irritum
915 2603 1090 2650 eisdem
1118 2613 1372 2651 cesserunt.
1410 2605 1694 2666 Quanquam

345 2782 381 2816 sl.
414 2782 467 2816 Le
490 2781 538 2816 28
563 2779 718 2817 octobre
738 2782 852 2819 1430.
