2037 3442
685 233 826 267 LIBER
853 233 1068 270 TERTIUS.
1502 234 1574 269 147

188 323 317 372 runt3
361 315 471 376 qui,
513 323 764 377 postquam
799 314 997 360 militum
1046 314 1175 360 furor
1206 314 1391 361 sedatus
1427 326 1572 374 esset,

186 390 380 452 reperti,
408 391 578 452 captivi
599 390 767 435 servati
792 401 915 436 sunt.

249 467 417 511 Taliter
440 467 577 527 igitur
611 468 860 512 Pontisarae
895 467 1125 531 oppidum
1163 478 1479 531 expugnatum
1508 486 1579 514 re-

186 553 469 606 ceptumque
493 544 628 601 suit¹3
660 543 786 589 unde
810 544 935 605 regia
955 543 1031 588 illa
1057 544 1335 588 Parisiorum
1368 544 1479 588 urbs
1506 554 1580 589 ut-

186 637 388 682 cumque
410 621 635 684 respirare
662 621 834 683 incepit
857 629 901 666 et.
923 620 971 663 in
1000 618 1241 664 meliorem
1268 627 1439 663 statum
1462 636 1580 664 con—

188 697 417 743 valescere
435 735 446 757 ⁷
496 715 635 757 cum,
691 706 879 760 excepta
924 696 1143 740 inferiore
1188 704 1318 757 parte
1356 697 1581 757 Sequanae

190 790 336 836 usque
368 774 487 819 infra
510 774 810 829 Meduntam‚
849 771 1043 816 liberam
1070 787 1154 833 per
1190 770 1349 815 omnia
1384 771 1580 817 flumina

183 850 280 911 jam
306 851 649 913 navigationem
674 849 880 894 liaberet.

637 1037 972 1082 CAPITULUM
1008 1036 1126 1080 XVI.

233 1165 378 1211 Capitur
394 1177 411 1197 a
427 1164 568 1197 Francis
584 1165 701 1198 civitas
717 1164 891 1205 Ebroicis'‚
908 1172 940 1196 ot
966 1175 1025 1196 rex
1046 1162 1280 1209 proficiscitur
1295 1163 1340 1197 ad
1365 1168 1482 1197 Tartas
1498 1166 1532 1198 in

778 1221 974 1266 Aquitania.

251 1333 341 1379 Sed
390 1349 476 1378 nec
522 1333 831 1379 infortunium
875 1332 1146 1394 hujusmodi
1194 1333 1347 1379 solum
1389 1334 1582 1383 obvenit

187 1411 362 1472 Anglis.
391 1411 548 1456 Stante
573 1411 697 1455 enim
721 1409 875 1455 adhuc
898 1409 1144 1455 obsidione
1163 1410 1221 1455 ad
1246 1411 1576 1471 Pontisaram‘2‚

188 1504 308 1532 unus
356 1487 425 1532 vir
462 1486 633 1532 nobilis
665 1496 711 1531 et
753 1496 966 1531 strenuus
1002 1502 1027 1531 e
1061 1485 1370 1533 Caletensium
1405 1488 1579 1534 finibus

186 1564 430 1621 oriundus,
447 1571 763 1625 cognomento
781 1566 823 1607 F
823 1563 1037 1626 locqueffl,
1055 1563 1134 1625 qui
1151 1563 1244 1608 dux
1261 1565 1373 1609 certi
1394 1568 1579 1612 numeri

187 1641 385 1686 militum
411 1641 531 1686 inter
565 1643 769 1685 Francos
792 1648 913 1696 erat,
948 1639 1178 1685 civitatem
1202 1640 1409 1686 Ebroicis
1433 1654 1576 1688 noctu

186 1718 394 1764 introivit
425 1727 470 1763 et
501 1716 656 1778 Anglis
684 1715 885 1762 abstulit.
925 1719 1030 1761 Erat
1060 1716 1184 1761 enim
1209 1716 1335 1762 idem
1356 1720 1400 1762 F
1399 1718 1580 1782 locqnet

185 1811 271 1858 pro
310 1794 524 1840 custodia
553 1793 785 1839 Lociveris
821 1793 1096 1856 deputatus3
1137 1792 1218 1838 sed
1249 1793 1438 1855 ingenio
1470 1812 1577 1842 acer

185 1873 233 1917 in
251 1872 391 1918 rebus
413 1871 590 1917 bellicis
620 1887 856 1933 manuque
885 1879 1127 1934 promptus
1144 1904 1156 1925 ‚
1192 1870 1355 1915 vicinis
1378 1873 1574 1919 civitati-

187 1947 274 1993 bus
321 1949 393 1994 vel
444 1947 629 2011 oppidis
648 1984 659 2005 ‚
710 1964 812 2009 quae
866 1945 1159 2010 occupabant
1203 1947 1384 2009 Anglici
1404 1985 1415 2007 ⁷
1471 1950 1576 1995 insi-

187 2024 319 2070 dians
345 2024 619 2070 imminebat
641 2040 840 2087 semper.
870 2024 1020 2079 Unde,
1049 2040 1157 2070 cum
1176 2023 1396 2087 praedicta
1413 2026 1574 2073 civitas

188 2102 397 2148 Ebroicis
422 2118 519 2147 non
559 2101 647 2146 nisi
679 2102 887 2164 quinque
909 2102 1051 2147 leucis
1083 2118 1109 2147 a
1133 2103 1382 2147 Locoveris
1405 2103 1571 2161 distet,

184 2196 269 2243 per
312 2178 631 2225 internuncios
667 2178 741 2223 vel
782 2178 989 2241 captivos
1027 2178 1225 2223 modum
1265 2179 1442 2224 invenit
1494 2197 1576 2242 per

185 2272 357 2318 quem,
403 2263 625 2318 corrupto
656 2263 702 2299 et
735 2263 1015 2317 cooperante
1053 2254 1262 2317 quodam
1303 2271 1359 2300 ex
1399 2255 1577 2302 civibus

184 2349 422 2396 paupere,
464 2331 545 2394 qui
576 2331 622 2375 in
656 2331 777 2376 vallo
807 2331 1014 2393 ejusdem
1053 2332 1247 2377 civitatis
1286 2333 1455 2395 piscari
1480 2343 1577 2378 erat

183 2409 345 2455 solitus
363 2446 374 2468 ⁷
412 2408 742 2454 circumventis
775 2425 858 2470 per
888 2409 1042 2471 ipsum
1070 2409 1363 2472 proditorem
1391 2410 1579 2456 excubi-

237 2572 273 2606 1.
305 2571 356 2604 Le
378 2570 425 2605 19
441 2567 654 2618 septembre
672 2570 786 2606 1441.

235 2628 274 2666 2.
302 2628 351 2664 Ce
368 2627 421 2662 fut
442 2628 461 2662 a
483 2627 520 2663 la
536 2627 586 2663 fin
601 2626 647 2663 de
664 2626 699 2663 la
718 2626 886 2664 semaine
903 2628 967 2676 qui
985 2629 1145 2679 proceda
1158 2630 1193 2667 la
1207 2631 1307 2681 prise
1325 2630 1370 2668 de
1386 2631 1578 2672 Pontoise,

237 2688 274 2722 3.
305 2684 447 2723 Robert
465 2684 510 2722 de
530 2685 732 2735 Flocques,
752 2684 806 2722 dit
822 2688 987 2735 Floquet.
