2037 3442
417 316 488 352 116
795 315 1131 353 HISTORIARUM
1160 316 1340 351 CAROLI
1367 318 1436 352 VII

415 397 484 441 vel
517 396 701 442 castella
728 397 994 441 munierant
1024 412 1126 457 quae
1152 396 1354 459 populus
1379 396 1438 442 ab
1464 398 1669 460 Anglicis
1695 400 1809 446 tule-

411 482 506 529 rat,
545 489 632 517 nec
663 473 810 534 ipsius
834 472 993 535 patriae
1024 471 1268 518 nobilitas¹
1299 488 1400 533 quae
1435 474 1495 519 ad
1530 484 1674 521 terras
1709 493 1813 523 suas

411 547 716 610 possidendas
738 558 1027 606 accurrerat,
1055 548 1226 611 quibus
1246 548 1377 610 longi
1408 551 1633 614 temporis
1661 553 1810 616 spatio

411 622 545 684 Angli
562 623 696 686 potiti
718 624 926 681 fuerant,
955 640 1054 670 sese
1073 624 1430 683 abstinuerunt3
1454 626 1515 671 ita
1532 637 1582 672 ut
1603 629 1812 691 profecto

410 701 704 747 verissimum
723 718 821 747 esse
840 711 1136 765 compertum
1163 701 1300 748 fuerit
1321 703 1451 766 quod
1478 704 1673 766 quidam
1702 724 1812 768 gen-

412 777 559 824 tilium
584 789 833 842 poetarum
853 780 1021 826 cecinit
1045 798 1054 824 z

572 902 674 935 Nulla
690 901 775 935 fides
792 902 966 948 pietasque
983 902 1065 935 viris
1079 929 1087 944 ,
1105 902 1165 947 qui
1181 910 1289 936 castra
1310 911 1517 948 sequuntur,

408 1019 452 1055 et
484 1010 612 1072 quod
638 1011 871 1056 Dominus
898 1028 981 1075 per
1016 1011 1301 1058 Hieremiam
1334 1012 1620 1076 prophetam
1656 1012 1770 1058 dicit
1798 1032 1806 1058 :

411 1107 431 1129 «
462 1088 734 1134 Maledictus
757 1089 836 1151 qui
857 1088 1054 1134 confidit
1074 1089 1119 1134 in
1137 1089 1333 1135 homine
1349 1125 1360 1147 ,
1389 1099 1434 1135 et
1452 1091 1530 1152 qui
1551 1090 1687 1153 ponit
1711 1107 1812 1136 car-

407 1181 516 1211 nem
541 1165 786 1211 brachium
811 1183 947 1211 suum
972 1185 1023 1224 »3
1055 1167 1134 1229 qui
1159 1177 1203 1212 et
1225 1183 1309 1230 per
1331 1167 1483 1212 David
1506 1167 1812 1213 saluberrima

405 1243 624 1305 praecepit
646 1262 654 1288 :
681 1263 701 1284 <c
729 1243 881 1290 Nolite
905 1243 1147 1289 confidere
1171 1244 1218 1289 in
1238 1243 1533 1307 principibus
1555 1281 1564 1298 ,
1591 1260 1742 1306 neque
1763 1245 1809 1289 in

406 1317 509 1363 filiis
543 1319 795 1365 hominum
814 1355 823 1372 ,
862 1321 908 1365 in
935 1320 1108 1383 quibus
1143 1336 1240 1365 non
1279 1330 1347 1366 est
1376 1321 1514 1366 salus.
1539 1338 1563 1364 »
1591 1320 1659 1365 llli
1684 1321 1810 1366 enim

404 1395 733 1458 simplicissimi
760 1413 980 1459 agrorum
1005 1397 1206 1442 cultores
1235 1397 1538 1458 justissimam
1567 1414 1676 1442 cum
1710 1398 1810 1460 pie-

405 1481 497 1516 tate
513 1472 656 1516 vitam
678 1483 892 1534 agentes,
916 1473 1015 1519 zelo
1037 1474 1376 1519 ferventissimo
1401 1491 1453 1519 ac
1473 1474 1672 1519 naturali
1697 1489 1811 1536 quo-

405 1547 513 1592 dam
537 1565 699 1595 amore
724 1549 896 1612 quibus
922 1550 982 1596 ad
1007 1553 1296 1596 Francorum
1319 1567 1515 1612 regnum
1540 1560 1585 1595 et
1615 1567 1772 1612 regem
1795 1586 1806 1607 ‚

404 1634 627 1687 tanquam
667 1637 799 1673 vetus
836 1638 881 1673 et
920 1629 1131 1674 naturale
1171 1638 1304 1673 terrae
1350 1628 1601 1691 imperium
1625 1663 1635 1685 ,
1678 1637 1811 1672 erant

403 1701 581 1758 affecti,
610 1704 807 1765 patriam
832 1721 917 1766 pro
945 1721 1113 1766 magna
1139 1715 1271 1767 parte
1296 1704 1356 1749 de
1380 1703 1639 1765 Anglorum
1663 1720 1809 1748 manu

403 1789 795 1840 recuperaverant
819 1789 864 1824 et
893 1779 980 1824 sub
1014 1781 1131 1841 regis
1156 1781 1225 1825 sni
1250 1790 1529 1825 revocarant
1549 1779 1804 1835 ditionem3

402 1854 500 1917 ipse
517 1872 648 1911 vero,
667 1856 894 1900 conviviis
911 1866 956 1902 et
972 1856 1170 1902 lasciviis
1186 1873 1291 1901 suas
1309 1866 1577 1902 exsaturans
1594 1856 1808 1901 libidines

403 1939 447 1975 et
466 1930 579 1975 luxu
612 1941 751 1993 atque
783 1932 920 1976 inerti
947 1932 1057 1977 odio
1090 1942 1283 1995 torpens
1302 1968 1313 1990 ‚
1345 1932 1522 1977 nullam
1553 1932 1808 1994 providen-

403 2007 515 2052 tiam
532 2008 789 2054 adhibebat
804 2009 861 2054 ad
883 2008 986 2054 illos
1007 2008 1092 2053 sibi
1112 2008 1408 2054 fidelissimos
1425 2010 1590 2070 suique
1609 2008 1808 2053 honoris

401 2094 446 2129 et
465 2084 808 2130 sublimationis
830 2084 1166 2131 zelantissimos
1188 2095 1418 2130 amatores
1442 2085 1643 2130 tuendos
1668 2094 1808 2147 atque

401 2159 740 2219 defensandos3
762 2161 843 2206 sed
864 2162 1018 2225 potius
1037 2161 1096 2206 ab
1116 2161 1204 2206 illis
1224 2161 1572 2206 immanissimis
1592 2160 1806 2206 hostibus

401 2237 523 2296 suis,
567 2248 791 2300 tanquam
825 2255 851 2283 a
884 2239 1218 2284 cruentissimis
1262 2238 1449 2296 bestiis,
1484 2255 1564 2283 eos
1603 2238 1806 2300 jugulari

401 2316 572 2377 passim
598 2325 644 2361 et
668 2315 864 2379 discerpi
900 2316 1082 2362 sinebat
1114 2326 1158 2360 et
1187 2315 1544 2378 quodammodo
1580 2315 1800 2373 faciebat,

400 2407 507 2436 cum
534 2410 631 2437 non
667 2392 820 2438 solum
858 2409 942 2455 per
973 2392 1131 2437 hostes
1167 2392 1441 2453 hujusmodi
1476 2391 1799 2450 crudelitates,

400 2483 563 2512 verum
583 2469 820 2531 etiamper
842 2485 968 2521 suos,
998 2468 1097 2514 fieri
1114 2469 1330 2529 ignorare
1349 2484 1445 2512 non
1472 2477 1657 2530 posset3
1685 2484 1803 2529 quos

400 2552 554 2588 tamen
580 2561 605 2589 a
631 2545 797 2590 talibus
819 2546 998 2608 injuriis
1021 2545 1214 2590 minime
1241 2544 1523 2601 cohibebat,
1561 2561 1648 2589 nec
1680 2544 1800 2590 cala-

401 2619 577 2665 mitosae
600 2636 652 2665 ac
676 2623 852 2667 miserae
875 2623 1060 2686 patriae,
1090 2622 1228 2666 tantis
1253 2638 1339 2684 pro
1364 2638 1411 2666 se
1437 2631 1481 2666 et
1505 2619 1695 2683 querela
1719 2634 1801 2664 sua

454 2785 489 2820 1.
522 2786 622 2819 Dans
646 2783 679 2821 le
704 2785 922 2833 manuscrit,
945 2800 1008 2821 nec
1029 2788 1145 2834 ἰμςίιικ
1164 2790 1299 2834 patriae
1319 2786 1433 2822 nobili
1449 2795 1485 2821 et
1503 2785 1677 2822 nobilitas
1695 2811 1704 2828 ‚
1727 2790 1796 2819 etc.
