2037 3442
395 262 442 295 82)
782 255 1121 293 HISTORIARUM
1149 256 1328 291 CAROLI
1355 258 1422 290 VII

396 338 775 403 expeditionibus
798 337 977 381 bellicis
1010 335 1250 379 obversari
1269 335 1482 392 liaberet,
1507 337 1568 381 ad
1591 337 1798 384 illicitam

398 418 467 462 sui
490 416 692 460 alliceret
721 412 1153 474 concupiscentiam
1174 447 1184 468 ,
1215 411 1251 455 si
1275 412 1499 456 amictum
1523 411 1800 458 muliebrem

400 500 627 557 portasset
650 509 659 547 3
688 489 819 551 quod
845 489 917 534 vix
941 487 1155 551 profecto
1175 487 1377 532 inhiberi
1403 489 1645 551 potuisset.

463 567 553 612 Sed
578 576 700 612 certe
717 599 729 620 ,
757 565 1096 627 cujuscumque
1122 564 1169 608 in
1195 581 1250 609 ea
1283 580 1363 609 seu
1388 564 1690 610 simulacrum
1722 581 1803 612 seu

400 645 639 708 specimen
672 642 851 687 virtutis
871 641 1054 686 elucere
1079 641 1323 704 potuisset,
1351 641 1426 686 vix
1452 651 1550 687 erat
1584 651 1651 701 ut,
1676 643 1803 706 apud

400 739 519 786 quos
557 719 822 778 tenebatur,
864 735 912 764 se
955 718 1184 781 potuisset
1216 717 1500 779 justificare,
1542 735 1651 764 cum
1687 719 1804 765 nihil

362 834 366 836 Δ
401 798 656 844 ferventius
691 806 771 842 aut
804 795 1086 858 propensius
1121 810 1264 856 quam
1297 795 1449 857 ipsam
1477 794 1716 857 perditum
1750 797 1806 841 iri

402 886 448 921 et
488 874 717 935 exstingui
746 881 1046 918 assectarent.
1090 874 1194 916 Una
1233 871 1359 916 enim
1391 871 1607 916 omnium
1643 872 1808 933 Anglo-

403 967 508 996 rum
549 949 780 996 sententia
813 963 999 1010 voxque
1036 947 1305 992 communis
1343 956 1442 993 erat
1476 963 1524 992 se
1561 963 1807 1010 nunquam

402 1045 540 1092 posse
577 1044 684 1072 cum
720 1025 907 1070 Francis
946 1023 1139 1070 feliciter
1176 1024 1415 1079 dimicare,
1445 1033 1525 1070 aut
1556 1024 1616 1069 de
1647 1026 1712 1069 eis
1744 1042 1810 1071 re-

403 1114 591 1169 portare
628 1103 890 1162 victoriam,
923 1100 1153 1164 quamdiu
1182 1100 1261 1147 illa
1294 1101 1468 1159 Puella,
1497 1117 1641 1164 quam
1673 1102 1809 1147 sorti-

402 1184 554 1245 legam
579 1198 632 1227 ac
665 1178 928 1225 maleficam
948 1177 1272 1235 diffamabant,
1305 1179 1447 1223 vitam
1470 1189 1625 1240 ageret
1649 1179 1697 1223 in
1724 1178 1810 1224 hu·

403 1259 571 1305 manis.
619 1257 758 1319 Atqui
795 1254 1043 1318 quomodo
1079 1254 1352 1299 innocentia
1391 1270 1553 1300 secura
1589 1254 1806 1312 evadere,

404 1335 579 1398 quidve
615 1333 855 1396 prodesse,
892 1332 1014 1377 inter
1047 1340 1118 1376 tot
1142 1330 1553 1376 acerbissimorum
1596 1332 1812 1377 inimico-

404 1427 510 1457 rum
535 1419 580 1455 et
610 1409 1009 1455 calumniatorum
1035 1423 1219 1466 manus,
1251 1418 1426 1471 posset,
1462 1407 1622 1470 quales
1658 1408 1813 1453 eidem

410 1486 575 1533 Puellae
615 1487 705 1549 ipsi
740 1484 919 1548 Anglici
961 1493 1117 1542 erant,
1156 1493 1295 1546 atque
1336 1484 1413 1529 alii
1447 1484 1694 1548 permulti,
1734 1485 1814 1547 qui

405 1565 664 1612 animosius
698 1580 865 1609 eorum
898 1571 1054 1625 partes
1086 1561 1405 1607 defendebant
1428 1572 1473 1607 et
1501 1562 1683 1624 judicio
1707 1563 1816 1608 assi-

407 1641 600 1700 debant,
628 1641 709 1701 qui
734 1657 838 1685 eam
863 1649 964 1685 toto
989 1638 1155 1684 annisu
1173 1675 1185 1698 ,
1213 1655 1512 1702 quacumque
1544 1640 1634 1699 via,
1662 1639 1816 1704 perdi-

409 1731 507 1765 tum
531 1721 588 1765 iri
611 1717 893 1782 cupiebant?

474 1802 632 1855 Quum
657 1807 814 1843 autem
840 1813 982 1859 super
1006 1797 1082 1852 iis,
1113 1812 1230 1858 quas
1254 1795 1518 1841 affirmabat
1538 1797 1815 1841 Sanctarum

409 1877 656 1939 Virgilium
680 1875 996 1939 apparitiones
1021 1874 1163 1920 factas
1179 1908 1191 1929 ,
1220 1874 1268 1918 in
1301 1890 1395 1919 una
1417 1873 1677 1936 eademque
1701 1891 1816 1919 con-

414 1955 611 2000 fessione
641 1961 998 2016 perseveranter
1034 1961 1265 2010 maneret,
1295 1951 1472 2014 diuque
1497 1962 1543 1998 et
1580 1952 1818 1998 multoties

413 2032 585 2077 iteratis
606 2028 1031 2076 examinationibus
1055 2028 1263 2090 fatigata,
1282 2028 1423 2074 simul
1442 2029 1580 2074 etiam
1602 2029 1819 2091 squalore

412 2119 457 2155 et
479 2108 636 2154 inedia
660 2108 830 2152 diutini
855 2107 1054 2152 carceris
1078 2116 1309 2151 macerata
1339 2116 1384 2151 et
1412 2106 1626 2152 confecta
1663 2106 1821 2152 fuisset

415 2187 482 2249 (in
507 2201 603 2248 quo
622 2184 815 2245 quidem
834 2182 893 2228 ab
909 2183 1109 2243 Anglicis
1132 2182 1380 2239 militibus,
1401 2192 1499 2227 tam
1523 2182 1646 2227 intus
1668 2198 1822 2228 carce-

414 2281 539 2323 rem,
567 2278 710 2326 quam
735 2277 761 2306 a
782 2261 893 2306 foris
911 2261 1043 2322 juxta
1064 2261 1236 2304 ostium
1254 2259 1426 2321 jugiter
1456 2248 1817 2318 excub'antibuS,

418 2338 802 2400 asservabatur),
839 2338 1018 2395 ferunt,
1049 2336 1291 2399 judicibus
1323 2336 1436 2396 sibi,
1467 2337 1504 2382 si
1537 2336 1586 2381 id
1620 2336 1818 2396 faceret,

416 2418 743 2481 impunitatem
760 2414 1182 2477 liberationemque
1195 2413 1548 2477 pollicentibus,
1567 2412 1822 2476 aliquando

419 2511 524 2539 eam
548 2493 801 2554 abnegasse
825 2508 873 2537 se
903 2490 1123 2536 habuisse
1155 2506 1287 2535 veras
1325 2489 1598 2551 hujusmodi
1638 2489 1823 2553 appari-

419 2572 570 2616 tiones
587 2581 667 2616 aut
682 2570 864 2616 divinas
878 2569 1208 2626 revelationes3
1232 2567 1394 2613 adhoc
1412 2567 1824 2613 tameninductam

420 2656 497 2705 ut,
525 2663 686 2692 coram
709 2645 1021 2693 assidentibus
1045 2645 1093 2690 in
1113 2644 1320 2707 judicio,
1349 2660 1402 2690 ea
1428 2644 1618 2689 ulterius
1642 2660 1690 2690 se
1716 2643 1824 2688 dic-

425 2735 579 2771 turam
613 2733 956 2770 asserturamve
979 2722 1232 2783 abjuraret.
1264 2721 1405 2777 Quod
1431 2738 1540 2767 cum
1563 2723 1623 2768 ita
1649 2719 1824 2766 factum
