<?xml version="1.0" encoding="UTF-8"?>
<!DOCTYPE html PUBLIC "-//W3C//DTD XHTML 1.0 Transitional//EN"
    "http://www.w3.org/TR/xhtml1/DTD/xhtml1-transitional.dtd">
<html xmlns="http://www.w3.org/1999/xhtml" xml:lang="en" lang="en">
 <head>
  <title>
</title>
<meta http-equiv="Content-Type" content="text/html;charset=utf-8" />
  <meta name='ocr-system' content='tesseract 3.04.00' />
  <meta name='ocr-capabilities' content='ocr_page ocr_carea ocr_par ocr_line ocrx_word'/>
</head>
<body>
  <div class='ocr_page' id='page_1' title='image "./histoiredesrgn01basi_0386.png"; bbox 0 0 2037 3442; ppageno 0'>
   <div class='ocr_carea' id='block_1_1' title="bbox 410 346 1427 385">
    <p class='ocr_par' dir='ltr' id='par_1_1' title="bbox 410 346 1427 385">
     <span class='ocr_line' id='line_1_1' title="bbox 410 346 1427 385; baseline 0 -1"><span class='ocrx_word' id='word_1_1' title='bbox 410 350 488 385; x_wconf 66' lang='lat'>214</span> <span class='ocrx_word' id='word_1_2' title='bbox 785 346 1126 383; x_wconf 87' lang='lat' dir='ltr'><strong>HISTORIARUM</strong></span> <span class='ocrx_word' id='word_1_3' title='bbox 1154 347 1332 384; x_wconf 91' lang='lat' dir='ltr'><strong>CAROLI</strong></span> <span class='ocrx_word' id='word_1_4' title='bbox 1359 350 1427 385; x_wconf 89' lang='lat' dir='ltr'>VII</span> 
     </span>
    </p>
   </div>
   <div class='ocr_carea' id='block_1_2' title="bbox 410 427 1842 2653">
    <p class='ocr_par' dir='ltr' id='par_1_2' title="bbox 410 427 1817 954">
     <span class='ocr_line' id='line_1_2' title="bbox 410 427 1810 488; baseline 0.004 -15"><span class='ocrx_word' id='word_1_5' title='bbox 410 427 626 488; x_wconf 85' lang='lat' dir='ltr'><strong>mallent,</strong></span> <span class='ocrx_word' id='word_1_6' title='bbox 659 444 714 474; x_wconf 86' lang='lat' dir='ltr'>ea</span> <span class='ocrx_word' id='word_1_7' title='bbox 737 427 945 474; x_wconf 85' lang='lat' dir='ltr'>vendere</span> <span class='ocrx_word' id='word_1_8' title='bbox 968 427 1087 474; x_wconf 87' lang='lat' dir='ltr'>infra</span> <span class='ocrx_word' id='word_1_9' title='bbox 1109 437 1291 474; x_wconf 89' lang='lat' dir='ltr'>certum</span> <span class='ocrx_word' id='word_1_10' title='bbox 1314 429 1563 476; x_wconf 87' lang='lat' dir='ltr'>limitatum</span> <span class='ocrx_word' id='word_1_11' title='bbox 1587 431 1730 477; x_wconf 86' lang='lat' dir='ltr'>diem.</span> <span class='ocrx_word' id='word_1_12' title='bbox 1764 436 1810 478; x_wconf 88' lang='lat' dir='ltr'>Si</span> 
     </span>
     <span class='ocr_line' id='line_1_3' title="bbox 411 504 1812 568; baseline 0.004 -18"><span class='ocrx_word' id='word_1_13' title='bbox 411 505 526 568; x_wconf 91' lang='lat' dir='ltr'>quid</span> <span class='ocrx_word' id='word_1_14' title='bbox 549 505 688 550; x_wconf 83' lang='lat' dir='ltr'>etiam</span> <span class='ocrx_word' id='word_1_15' title='bbox 704 505 769 550; x_wconf 91' lang='lat' dir='ltr'>eis</span> <span class='ocrx_word' id='word_1_16' title='bbox 791 521 818 551; x_wconf 87' lang='lat' dir='ltr'>a</span> <span class='ocrx_word' id='word_1_17' title='bbox 840 504 1019 550; x_wconf 89' lang='lat' dir='ltr'>civibus</span> <span class='ocrx_word' id='word_1_18' title='bbox 1038 505 1198 568; x_wconf 78' lang='lat' dir='ltr'>patriae</span> <span class='ocrx_word' id='word_1_19' title='bbox 1224 505 1427 568; x_wconf 85' lang='lat' dir='ltr'>legitime</span> <span class='ocrx_word' id='word_1_20' title='bbox 1450 508 1719 565; x_wconf 81' lang='lat' dir='ltr'>deberetur,</span> <span class='ocrx_word' id='word_1_21' title='bbox 1747 510 1812 555; x_wconf 88' lang='lat' dir='ltr'>eis</span> 
     </span>
     <span class='ocr_line' id='line_1_4' title="bbox 412 581 1813 651; baseline 0.004 -24"><span class='ocrx_word' id='word_1_22' title='bbox 412 581 690 645; x_wconf 90' lang='lat' dir='ltr'>reposcendi</span> <span class='ocrx_word' id='word_1_23' title='bbox 710 581 902 628; x_wconf 83' lang='lat' dir='ltr'>facultas</span> <span class='ocrx_word' id='word_1_24' title='bbox 921 581 1115 646; x_wconf 82' lang='lat' dir='ltr'>praebita</span> <span class='ocrx_word' id='word_1_25' title='bbox 1140 593 1233 640; x_wconf 91' lang='lat' dir='ltr'>est,</span> <span class='ocrx_word' id='word_1_26' title='bbox 1263 593 1310 629; x_wconf 87' lang='lat' dir='ltr'>et</span> <span class='ocrx_word' id='word_1_27' title='bbox 1333 587 1610 645; x_wconf 88' lang='lat' dir='ltr'>summarie,</span> <span class='ocrx_word' id='word_1_28' title='bbox 1637 587 1813 651; x_wconf 81' lang='lat' dir='ltr'>absque</span> 
     </span>
     <span class='ocr_line' id='line_1_5' title="bbox 412 656 1814 727; baseline 0.005 -24"><span class='ocrx_word' id='word_1_29' title='bbox 412 656 744 715; x_wconf 88' lang='lat' dir='ltr'>dilationibus,</span> <span class='ocrx_word' id='word_1_30' title='bbox 784 675 923 722; x_wconf 90' lang='lat' dir='ltr'>super</span> <span class='ocrx_word' id='word_1_31' title='bbox 962 659 1056 704; x_wconf 92' lang='lat' dir='ltr'>hoc</span> <span class='ocrx_word' id='word_1_32' title='bbox 1093 659 1168 721; x_wconf 89' lang='lat' dir='ltr'>jus</span> <span class='ocrx_word' id='word_1_33' title='bbox 1200 659 1462 720; x_wconf 82' lang='lat' dir='ltr'>redditum3</span> <span class='ocrx_word' id='word_1_34' title='bbox 1500 672 1545 708; x_wconf 88' lang='lat' dir='ltr'>et</span> <span class='ocrx_word' id='word_1_35' title='bbox 1580 665 1680 727; x_wconf 88' lang='lat' dir='ltr'>pari</span> <span class='ocrx_word' id='word_1_36' title='bbox 1714 664 1814 710; x_wconf 86' lang='lat' dir='ltr'>vice</span> 
     </span>
     <span class='ocr_line' id='line_1_6' title="bbox 412 735 1814 799; baseline 0.006 -20"><span class='ocrx_word' id='word_1_37' title='bbox 412 735 571 795; x_wconf 87' lang='lat' dir='ltr'>etiam,</span> <span class='ocrx_word' id='word_1_38' title='bbox 610 736 648 782; x_wconf 90' lang='lat' dir='ltr'>si</span> <span class='ocrx_word' id='word_1_39' title='bbox 687 752 714 783; x_wconf 88' lang='lat' dir='ltr'>a</span> <span class='ocrx_word' id='word_1_40' title='bbox 752 736 919 799; x_wconf 87' lang='lat' dir='ltr'>quovis</span> <span class='ocrx_word' id='word_1_41' title='bbox 957 735 1146 782; x_wconf 86' lang='lat' dir='ltr'>illorum</span> <span class='ocrx_word' id='word_1_42' title='bbox 1184 737 1438 799; x_wconf 87' lang='lat' dir='ltr'>quicquam</span> <span class='ocrx_word' id='word_1_43' title='bbox 1469 738 1608 786; x_wconf 90' lang='lat' dir='ltr'>alicui</span> <span class='ocrx_word' id='word_1_44' title='bbox 1643 741 1814 787; x_wconf 81' lang='lat' dir='ltr'>civium</span> 
     </span>
     <span class='ocr_line' id='line_1_7' title="bbox 413 811 1817 878; baseline 0.004 -20"><span class='ocrx_word' id='word_1_45' title='bbox 413 811 690 871; x_wconf 87' lang='lat' dir='ltr'>debebatur,</span> <span class='ocrx_word' id='word_1_46' title='bbox 717 812 842 859; x_wconf 90' lang='lat' dir='ltr'>ultro</span> <span class='ocrx_word' id='word_1_47' title='bbox 866 813 1079 876; x_wconf 89' lang='lat' dir='ltr'>citroque</span> <span class='ocrx_word' id='word_1_48' title='bbox 1102 813 1178 876; x_wconf 88' lang='lat' dir='ltr'>jus</span> <span class='ocrx_word' id='word_1_49' title='bbox 1202 814 1440 861; x_wconf 87' lang='lat' dir='ltr'>redditum</span> <span class='ocrx_word' id='word_1_50' title='bbox 1455 853 1467 875; x_wconf 93' lang='lat'>,</span> <span class='ocrx_word' id='word_1_51' title='bbox 1493 825 1538 861; x_wconf 86' lang='lat' dir='ltr'>et</span> <span class='ocrx_word' id='word_1_52' title='bbox 1554 817 1670 878; x_wconf 87' lang='lat' dir='ltr'>juris</span> <span class='ocrx_word' id='word_1_53' title='bbox 1689 835 1817 864; x_wconf 80' lang='lat' dir='ltr'>exse-</span> 
     </span>
     <span class='ocr_line' id='line_1_8' title="bbox 413 890 1814 954; baseline 0.005 -19"><span class='ocrx_word' id='word_1_54' title='bbox 413 890 541 936; x_wconf 88' lang='lat' dir='ltr'>cutio</span> <span class='ocrx_word' id='word_1_55' title='bbox 556 890 762 954; x_wconf 86' lang='lat' dir='ltr'>perfecta</span> <span class='ocrx_word' id='word_1_56' title='bbox 778 891 898 937; x_wconf 85' lang='lat' dir='ltr'>infra</span> <span class='ocrx_word' id='word_1_57' title='bbox 912 901 1004 937; x_wconf 88' lang='lat' dir='ltr'>tres</span> <span class='ocrx_word' id='word_1_58' title='bbox 1021 900 1101 936; x_wconf 89' lang='lat' dir='ltr'>aut</span> <span class='ocrx_word' id='word_1_59' title='bbox 1117 901 1322 954; x_wconf 87' lang='lat' dir='ltr'>quatuor</span> <span class='ocrx_word' id='word_1_60' title='bbox 1341 892 1439 939; x_wconf 89' lang='lat' dir='ltr'>dies</span> <span class='ocrx_word' id='word_1_61' title='bbox 1453 893 1773 943; x_wconf 84' lang='lat' dir='ltr'>administrata</span> <span class='ocrx_word' id='word_1_62' title='bbox 1786 899 1814 942; x_wconf 89' lang='lat'>¹.</span> 
     </span>
    </p>

    <p class='ocr_par' dir='ltr' id='par_1_3' title="bbox 414 967 1842 2653">
     <span class='ocr_line' id='line_1_9' title="bbox 483 967 1820 1018; baseline 0.003 -4"><span class='ocrx_word' id='word_1_63' title='bbox 483 970 631 1015; x_wconf 89' lang='lat' dir='ltr'>Datus</span> <span class='ocrx_word' id='word_1_64' title='bbox 644 978 713 1015; x_wconf 90' lang='lat' dir='ltr'>est</span> <span class='ocrx_word' id='word_1_65' title='bbox 726 968 867 1014; x_wconf 88' lang='lat' dir='ltr'>etiam</span> <span class='ocrx_word' id='word_1_66' title='bbox 880 967 1009 1014; x_wconf 88' lang='lat' dir='ltr'>abire</span> <span class='ocrx_word' id='word_1_67' title='bbox 1023 968 1290 1016; x_wconf 85' lang='lat' dir='ltr'>volentibus</span> <span class='ocrx_word' id='word_1_68' title='bbox 1310 970 1572 1016; x_wconf 91' lang='lat' dir='ltr'>conductus</span> <span class='ocrx_word' id='word_1_69' title='bbox 1587 971 1820 1018; x_wconf 87' lang='lat' dir='ltr'>sufficiens</span> 
     </span>
     <span class='ocr_line' id='line_1_10' title="bbox 415 1045 1821 1110; baseline -0.001 -13"><span class='ocrx_word' id='word_1_70' title='bbox 415 1060 461 1097; x_wconf 86' lang='lat' dir='ltr'>et</span> <span class='ocrx_word' id='word_1_71' title='bbox 482 1049 605 1095; x_wconf 90' lang='lat' dir='ltr'>fidus</span> <span class='ocrx_word' id='word_1_72' title='bbox 624 1063 773 1110; x_wconf 90' lang='lat' dir='ltr'>usque</span> <span class='ocrx_word' id='word_1_73' title='bbox 792 1045 852 1092; x_wconf 86' lang='lat' dir='ltr'>ad</span> <span class='ocrx_word' id='word_1_74' title='bbox 869 1062 979 1104; x_wconf 86' lang='lat' dir='ltr'>suae,</span> <span class='ocrx_word' id='word_1_75' title='bbox 1001 1061 1145 1109; x_wconf 88' lang='lat' dir='ltr'>quam</span> <span class='ocrx_word' id='word_1_76' title='bbox 1158 1045 1522 1110; x_wconf 84' lang='lat' dir='ltr'>profitebantur,</span> <span class='ocrx_word' id='word_1_77' title='bbox 1543 1048 1821 1096; x_wconf 83' lang='lat' dir='ltr'>obedientiae</span> 
     </span>
     <span class='ocr_line' id='line_1_11' title="bbox 414 1122 1821 1188; baseline -0.001 -15"><span class='ocrx_word' id='word_1_78' title='bbox 414 1126 577 1173; x_wconf 87' lang='lat' dir='ltr'>limina</span> <span class='ocrx_word' id='word_1_79' title='bbox 592 1123 905 1181; x_wconf 89' lang='lat' dir='ltr'>deducendis;</span> <span class='ocrx_word' id='word_1_80' title='bbox 922 1122 985 1168; x_wconf 85' lang='lat' dir='ltr'>ita</span> <span class='ocrx_word' id='word_1_81' title='bbox 999 1122 1131 1185; x_wconf 91' lang='lat' dir='ltr'>quod</span> <span class='ocrx_word' id='word_1_82' title='bbox 1146 1124 1302 1186; x_wconf 86' lang='lat' dir='ltr'>potius</span> <span class='ocrx_word' id='word_1_83' title='bbox 1320 1124 1447 1170; x_wconf 87' lang='lat' dir='ltr'>velut</span> <span class='ocrx_word' id='word_1_84' title='bbox 1463 1126 1821 1188; x_wconf 87' lang='lat' dir='ltr'>peregrinorum</span> 
     </span>
     <span class='ocr_line' id='line_1_12' title="bbox 416 1199 1819 1264; baseline -0.001 -16"><span class='ocrx_word' id='word_1_85' title='bbox 416 1219 499 1249; x_wconf 89' lang='lat' dir='ltr'>seu</span> <span class='ocrx_word' id='word_1_86' title='bbox 520 1201 766 1264; x_wconf 88' lang='lat' dir='ltr'>hospitum</span> <span class='ocrx_word' id='word_1_87' title='bbox 790 1199 1034 1258; x_wconf 80' lang='lat' dir='ltr'>discessio,</span> <span class='ocrx_word' id='word_1_88' title='bbox 1062 1199 1135 1245; x_wconf 87' lang='lat' dir='ltr'>vel</span> <span class='ocrx_word' id='word_1_89' title='bbox 1159 1199 1502 1262; x_wconf 88' lang='lat' dir='ltr'>inquilinorum</span> <span class='ocrx_word' id='word_1_90' title='bbox 1524 1201 1819 1264; x_wconf 80' lang='lat' dir='ltr'>demigratio,</span> 
     </span>
     <span class='ocr_line' id='line_1_13' title="bbox 417 1275 1826 1342; baseline -0.001 -16"><span class='ocrx_word' id='word_1_91' title='bbox 417 1295 562 1342; x_wconf 87' lang='lat' dir='ltr'>quam</span> <span class='ocrx_word' id='word_1_92' title='bbox 595 1277 764 1324; x_wconf 87' lang='lat' dir='ltr'>bellica</span> <span class='ocrx_word' id='word_1_93' title='bbox 797 1276 1034 1323; x_wconf 83' lang='lat' dir='ltr'>exsecutio</span> <span class='ocrx_word' id='word_1_94' title='bbox 1065 1275 1165 1322; x_wconf 84' lang='lat' dir='ltr'>fieri</span> <span class='ocrx_word' id='word_1_95' title='bbox 1198 1286 1460 1341; x_wconf 87' lang='lat' dir='ltr'>putaretur,</span> <span class='ocrx_word' id='word_1_96' title='bbox 1493 1288 1590 1324; x_wconf 91' lang='lat' dir='ltr'>tam</span> <span class='ocrx_word' id='word_1_97' title='bbox 1623 1279 1748 1324; x_wconf 89' lang='lat' dir='ltr'>mitis</span> <span class='ocrx_word' id='word_1_98' title='bbox 1778 1288 1826 1324; x_wconf 85' lang='lat' dir='ltr'>et</span> 
     </span>
     <span class='ocr_line' id='line_1_14' title="bbox 416 1354 1823 1417; baseline -0.001 -15"><span class='ocrx_word' id='word_1_99' title='bbox 416 1356 627 1402; x_wconf 86' lang='lat' dir='ltr'>humana</span> <span class='ocrx_word' id='word_1_100' title='bbox 651 1355 739 1401; x_wconf 85' lang='lat' dir='ltr'>fuit</span> <span class='ocrx_word' id='word_1_101' title='bbox 760 1354 955 1417; x_wconf 89' lang='lat' dir='ltr'>hujusce</span> <span class='ocrx_word' id='word_1_102' title='bbox 979 1354 1177 1399; x_wconf 87' lang='lat' dir='ltr'>civitatis</span> <span class='ocrx_word' id='word_1_103' title='bbox 1196 1354 1392 1415; x_wconf 88' lang='lat' dir='ltr'>deditio,</span> <span class='ocrx_word' id='word_1_104' title='bbox 1421 1357 1689 1402; x_wconf 86' lang='lat' dir='ltr'>interventu</span> <span class='ocrx_word' id='word_1_105' title='bbox 1709 1355 1823 1401; x_wconf 88' lang='lat' dir='ltr'>dicti</span> 
     </span>
     <span class='ocr_line' id='line_1_15' title="bbox 418 1431 1825 1498; baseline -0.001 -19"><span class='ocrx_word' id='word_1_106' title='bbox 418 1432 678 1498; x_wconf 85' lang='lat' dir='ltr'>pontificis,</span> <span class='ocrx_word' id='word_1_107' title='bbox 709 1431 979 1495; x_wconf 84' lang='lat' dir='ltr'>adspirante</span> <span class='ocrx_word' id='word_1_108' title='bbox 1002 1432 1088 1477; x_wconf 90' lang='lat' dir='ltr'>Dei</span> <span class='ocrx_word' id='word_1_109' title='bbox 1112 1431 1384 1492; x_wconf 84' lang='lat' dir='ltr'>clementia,</span> <span class='ocrx_word' id='word_1_110' title='bbox 1415 1432 1561 1479; x_wconf 85' lang='lat' dir='ltr'>facta!</span> <span class='ocrx_word' id='word_1_111' title='bbox 1595 1436 1647 1478; x_wconf 88' lang='lat' dir='ltr'>ln</span> <span class='ocrx_word' id='word_1_112' title='bbox 1683 1449 1825 1495; x_wconf 91' lang='lat' dir='ltr'>quem</span> 
     </span>
     <span class='ocr_line' id='line_1_16' title="bbox 419 1509 1824 1578; baseline -0.002 -20"><span class='ocrx_word' id='word_1_113' title='bbox 419 1511 631 1578; x_wconf 87' lang='lat' dir='ltr'>profecto</span> <span class='ocrx_word' id='word_1_114' title='bbox 677 1528 704 1558; x_wconf 86' lang='lat' dir='ltr'>a</span> <span class='ocrx_word' id='word_1_115' title='bbox 744 1509 964 1574; x_wconf 87' lang='lat' dir='ltr'>populari</span> <span class='ocrx_word' id='word_1_116' title='bbox 1010 1509 1286 1555; x_wconf 87' lang='lat' dir='ltr'>militarium</span> <span class='ocrx_word' id='word_1_117' title='bbox 1325 1510 1463 1556; x_wconf 87' lang='lat' dir='ltr'>turba</span> <span class='ocrx_word' id='word_1_118' title='bbox 1506 1514 1795 1556; x_wconf 82' lang='lat' dir='ltr'>Francorum</span> <span class='ocrx_word' id='word_1_119' title='bbox 1813 1548 1824 1570; x_wconf 92' lang='lat'>,</span> 
     </span>
     <span class='ocr_line' id='line_1_17' title="bbox 419 1586 1828 1654; baseline -0.001 -19"><span class='ocrx_word' id='word_1_120' title='bbox 419 1599 616 1654; x_wconf 88' lang='lat' dir='ltr'>propter</span> <span class='ocrx_word' id='word_1_121' title='bbox 639 1588 759 1646; x_wconf 88' lang='lat' dir='ltr'>boc,</span> <span class='ocrx_word' id='word_1_122' title='bbox 794 1587 945 1633; x_wconf 86' lang='lat' dir='ltr'>multa</span> <span class='ocrx_word' id='word_1_123' title='bbox 979 1586 1229 1633; x_wconf 86' lang='lat' dir='ltr'>maledicta</span> <span class='ocrx_word' id='word_1_124' title='bbox 1257 1587 1430 1649; x_wconf 88' lang='lat' dir='ltr'>jactata</span> <span class='ocrx_word' id='word_1_125' title='bbox 1452 1598 1586 1646; x_wconf 85' lang='lat' dir='ltr'>sunt,</span> <span class='ocrx_word' id='word_1_126' title='bbox 1614 1604 1671 1633; x_wconf 90' lang='lat' dir='ltr'>eo</span> <span class='ocrx_word' id='word_1_127' title='bbox 1696 1588 1828 1651; x_wconf 93' lang='lat' dir='ltr'>quod</span> 
     </span>
     <span class='ocr_line' id='line_1_18' title="bbox 421 1663 1828 1728; baseline -0.002 -16"><span class='ocrx_word' id='word_1_128' title='bbox 421 1665 508 1712; x_wconf 89' lang='lat' dir='ltr'>sibi</span> <span class='ocrx_word' id='word_1_129' title='bbox 542 1665 738 1711; x_wconf 82' lang='lat' dir='ltr'>civitatis</span> <span class='ocrx_word' id='word_1_130' title='bbox 762 1664 923 1727; x_wconf 84' lang='lat' dir='ltr'>ipsiuS,</span> <span class='ocrx_word' id='word_1_131' title='bbox 955 1664 1065 1709; x_wconf 85' lang='lat' dir='ltr'>satis</span> <span class='ocrx_word' id='word_1_132' title='bbox 1090 1663 1406 1722; x_wconf 85' lang='lat' dir='ltr'>mediocriter,</span> <span class='ocrx_word' id='word_1_133' title='bbox 1435 1681 1522 1728; x_wconf 88' lang='lat' dir='ltr'>pro</span> <span class='ocrx_word' id='word_1_134' title='bbox 1562 1674 1828 1728; x_wconf 88' lang='lat' dir='ltr'>temporum</span> 
     </span>
     <span class='ocr_line' id='line_1_19' title="bbox 423 1740 1830 1805; baseline -0.001 -17"><span class='ocrx_word' id='word_1_135' title='bbox 423 1741 798 1798; x_wconf 85' lang='lat' dir='ltr'>conditionibus,</span> <span class='ocrx_word' id='word_1_136' title='bbox 826 1740 966 1786; x_wconf 91' lang='lat' dir='ltr'>bonis</span> <span class='ocrx_word' id='word_1_137' title='bbox 1000 1740 1202 1799; x_wconf 79' lang='lat' dir='ltr'>refertae,</span> <span class='ocrx_word' id='word_1_138' title='bbox 1230 1741 1373 1787; x_wconf 83' lang='lat' dir='ltr'>veluti</span> <span class='ocrx_word' id='word_1_139' title='bbox 1401 1759 1426 1787; x_wconf 91' lang='lat' dir='ltr'>e</span> <span class='ocrx_word' id='word_1_140' title='bbox 1456 1742 1676 1788; x_wconf 86' lang='lat' dir='ltr'>manibus</span> <span class='ocrx_word' id='word_1_141' title='bbox 1713 1759 1830 1805; x_wconf 82' lang='lat' dir='ltr'>prae-</span> 
     </span>
     <span class='ocr_line' id='line_1_20' title="bbox 424 1817 1833 1882; baseline -0.001 -16"><span class='ocrx_word' id='word_1_142' title='bbox 424 1820 535 1867; x_wconf 88' lang='lat' dir='ltr'>dam</span> <span class='ocrx_word' id='word_1_143' title='bbox 580 1818 825 1864; x_wconf 85' lang='lat' dir='ltr'>abstulisse</span> <span class='ocrx_word' id='word_1_144' title='bbox 870 1817 1132 1875; x_wconf 84' lang='lat' dir='ltr'>videretur3</span> <span class='ocrx_word' id='word_1_145' title='bbox 1175 1833 1286 1862; x_wconf 88' lang='lat' dir='ltr'>nam</span> <span class='ocrx_word' id='word_1_146' title='bbox 1339 1817 1397 1863; x_wconf 86' lang='lat' dir='ltr'>ad</span> <span class='ocrx_word' id='word_1_147' title='bbox 1445 1817 1733 1882; x_wconf 88' lang='lat' dir='ltr'>potiundum</span> <span class='ocrx_word' id='word_1_148' title='bbox 1779 1836 1833 1864; x_wconf 87' lang='lat' dir='ltr'>ea</span> 
     </span>
     <span class='ocr_line' id='line_1_21' title="bbox 425 1893 1834 1959; baseline -0.003 -16"><span class='ocrx_word' id='word_1_149' title='bbox 425 1912 624 1959; x_wconf 91' lang='lat' dir='ltr'>eamque</span> <span class='ocrx_word' id='word_1_150' title='bbox 651 1893 1039 1959; x_wconf 81' lang='lat' dir='ltr'>expugnandam,</span> <span class='ocrx_word' id='word_1_151' title='bbox 1068 1909 1167 1938; x_wconf 86' lang='lat' dir='ltr'>non</span> <span class='ocrx_word' id='word_1_152' title='bbox 1189 1894 1373 1954; x_wconf 84' lang='lat' dir='ltr'>gravius</span> <span class='ocrx_word' id='word_1_153' title='bbox 1393 1893 1481 1939; x_wconf 91' lang='lat' dir='ltr'>sibi</span> <span class='ocrx_word' id='word_1_154' title='bbox 1502 1911 1644 1956; x_wconf 86' lang='lat' dir='ltr'>quam</span> <span class='ocrx_word' id='word_1_155' title='bbox 1670 1894 1834 1940; x_wconf 84' lang='lat' dir='ltr'>mediae</span> 
     </span>
     <span class='ocr_line' id='line_1_22' title="bbox 426 1970 1830 2034; baseline -0.002 -15"><span class='ocrx_word' id='word_1_156' title='bbox 426 1974 555 2019; x_wconf 77' lang='lat' dir='ltr'>horae</span> <span class='ocrx_word' id='word_1_157' title='bbox 575 1972 819 2034; x_wconf 86' lang='lat' dir='ltr'>negotium</span> <span class='ocrx_word' id='word_1_158' title='bbox 835 1970 1110 2016; x_wconf 90' lang='lat' dir='ltr'>incumbere</span> <span class='ocrx_word' id='word_1_159' title='bbox 1135 1971 1508 2016; x_wconf 78' lang='lat' dir='ltr'>constantissime</span> <span class='ocrx_word' id='word_1_160' title='bbox 1529 1970 1798 2016; x_wconf 86' lang='lat' dir='ltr'>asserebant</span> <span class='ocrx_word' id='word_1_161' title='bbox 1821 1989 1830 2016; x_wconf 84' lang='lat' dir='ltr'><strong><em>z</em></strong></span> 
     </span>
     <span class='ocr_line' id='line_1_23' title="bbox 428 2047 1835 2114; baseline -0.004 -17"><span class='ocrx_word' id='word_1_162' title='bbox 428 2061 474 2097; x_wconf 91' lang='lat' dir='ltr'>et</span> <span class='ocrx_word' id='word_1_163' title='bbox 504 2049 718 2114; x_wconf 86' lang='lat' dir='ltr'>profecto</span> <span class='ocrx_word' id='word_1_164' title='bbox 754 2048 819 2093; x_wconf 91' lang='lat' dir='ltr'>sic</span> <span class='ocrx_word' id='word_1_165' title='bbox 854 2057 971 2094; x_wconf 87' lang='lat' dir='ltr'>erat.</span> <span class='ocrx_word' id='word_1_166' title='bbox 1010 2050 1129 2093; x_wconf 85' lang='lat' dir='ltr'>Nam</span> <span class='ocrx_word' id='word_1_167' title='bbox 1154 2048 1411 2108; x_wconf 85' lang='lat' dir='ltr'>Anglorum</span> <span class='ocrx_word' id='word_1_168' title='bbox 1441 2047 1622 2092; x_wconf 84' lang='lat' dir='ltr'>circiter</span> <span class='ocrx_word' id='word_1_169' title='bbox 1646 2057 1835 2093; x_wconf 88' lang='lat' dir='ltr'>centum</span> 
     </span>
     <span class='ocr_line' id='line_1_24' title="bbox 429 2124 1835 2193; baseline -0.004 -18"><span class='ocrx_word' id='word_1_170' title='bbox 429 2128 643 2193; x_wconf 89' lang='lat' dir='ltr'>peditum</span> <span class='ocrx_word' id='word_1_171' title='bbox 660 2125 946 2190; x_wconf 64' lang='lat' dir='ltr'>praesidium,</span> <span class='ocrx_word' id='word_1_172' title='bbox 967 2124 1098 2187; x_wconf 86' lang='lat' dir='ltr'>quod</span> <span class='ocrx_word' id='word_1_173' title='bbox 1118 2124 1183 2170; x_wconf 89' lang='lat' dir='ltr'>ibi</span> <span class='ocrx_word' id='word_1_174' title='bbox 1205 2133 1319 2181; x_wconf 85' lang='lat' dir='ltr'>erat,</span> <span class='ocrx_word' id='word_1_175' title='bbox 1338 2141 1435 2169; x_wconf 87' lang='lat' dir='ltr'>non</span> <span class='ocrx_word' id='word_1_176' title='bbox 1454 2124 1543 2170; x_wconf 89' lang='lat' dir='ltr'>alia</span> <span class='ocrx_word' id='word_1_177' title='bbox 1567 2141 1615 2170; x_wconf 90' lang='lat' dir='ltr'>se</span> <span class='ocrx_word' id='word_1_178' title='bbox 1640 2141 1835 2170; x_wconf 84' lang='lat' dir='ltr'>usurum</span> 
     </span>
     <span class='ocr_line' id='line_1_25' title="bbox 431 2201 1838 2264; baseline -0.003 -13"><span class='ocrx_word' id='word_1_179' title='bbox 431 2204 704 2251; x_wconf 85' lang='lat' dir='ltr'>defensione</span> <span class='ocrx_word' id='word_1_180' title='bbox 733 2201 1026 2258; x_wconf 85' lang='lat' dir='ltr'>confidebat,</span> <span class='ocrx_word' id='word_1_181' title='bbox 1058 2217 1201 2264; x_wconf 87' lang='lat' dir='ltr'>quam</span> <span class='ocrx_word' id='word_1_182' title='bbox 1227 2202 1275 2247; x_wconf 92' lang='lat' dir='ltr'>in</span> <span class='ocrx_word' id='word_1_183' title='bbox 1304 2202 1499 2248; x_wconf 86' lang='lat' dir='ltr'>alteram</span> <span class='ocrx_word' id='word_1_184' title='bbox 1524 2203 1692 2248; x_wconf 90' lang='lat' dir='ltr'>turrim</span> <span class='ocrx_word' id='word_1_185' title='bbox 1728 2219 1838 2248; x_wconf 89' lang='lat' dir='ltr'>con-</span> 
     </span>
     <span class='ocr_line' id='line_1_26' title="bbox 433 2278 1836 2346; baseline -0.003 -18"><span class='ocrx_word' id='word_1_186' title='bbox 433 2285 615 2346; x_wconf 88' lang='lat' dir='ltr'>fugere,</span> <span class='ocrx_word' id='word_1_187' title='bbox 641 2297 783 2344; x_wconf 89' lang='lat' dir='ltr'>quam</span> <span class='ocrx_word' id='word_1_188' title='bbox 806 2296 998 2326; x_wconf 87' lang='lat' dir='ltr'>annona</span> <span class='ocrx_word' id='word_1_189' title='bbox 1021 2279 1208 2324; x_wconf 86' lang='lat' dir='ltr'>circiter</span> <span class='ocrx_word' id='word_1_190' title='bbox 1232 2278 1291 2324; x_wconf 82' lang='lat' dir='ltr'>ad</span> <span class='ocrx_word' id='word_1_191' title='bbox 1315 2279 1525 2324; x_wconf 87' lang='lat' dir='ltr'>triduum</span> <span class='ocrx_word' id='word_1_192' title='bbox 1550 2279 1836 2325; x_wconf 86' lang='lat' dir='ltr'>munierant.</span> 
     </span>
     <span class='ocr_line' id='line_1_27' title="bbox 435 2356 1839 2419; baseline -0.004 -13"><span class='ocrx_word' id='word_1_193' title='bbox 435 2364 502 2405; x_wconf 78' lang='lat' dir='ltr'>Ex</span> <span class='ocrx_word' id='word_1_194' title='bbox 533 2358 715 2406; x_wconf 84' lang='lat' dir='ltr'>civibus</span> <span class='ocrx_word' id='word_1_195' title='bbox 743 2374 879 2417; x_wconf 87' lang='lat' dir='ltr'>vero,</span> <span class='ocrx_word' id='word_1_196' title='bbox 918 2374 974 2403; x_wconf 92' lang='lat' dir='ltr'>eo</span> <span class='ocrx_word' id='word_1_197' title='bbox 1008 2356 1139 2419; x_wconf 90' lang='lat' dir='ltr'>quod</span> <span class='ocrx_word' id='word_1_198' title='bbox 1173 2357 1220 2401; x_wconf 85' lang='lat' dir='ltr'>in</span> <span class='ocrx_word' id='word_1_199' title='bbox 1248 2356 1369 2417; x_wconf 84' lang='lat' dir='ltr'>agris</span> <span class='ocrx_word' id='word_1_200' title='bbox 1393 2366 1438 2401; x_wconf 89' lang='lat' dir='ltr'>et</span> <span class='ocrx_word' id='word_1_201' title='bbox 1464 2356 1582 2402; x_wconf 85' lang='lat' dir='ltr'>villis</span> <span class='ocrx_word' id='word_1_202' title='bbox 1609 2356 1839 2419; x_wconf 83' lang='lat' dir='ltr'>indigenae</span> 
     </span>
     <span class='ocr_line' id='line_1_28' title="bbox 435 2432 1842 2500; baseline -0.004 -18"><span class='ocrx_word' id='word_1_203' title='bbox 435 2437 593 2500; x_wconf 83' lang='lat' dir='ltr'>patriae</span> <span class='ocrx_word' id='word_1_204' title='bbox 611 2473 621 2492; x_wconf 91' lang='lat'>,</span> <span class='ocrx_word' id='word_1_205' title='bbox 651 2452 706 2481; x_wconf 86' lang='lat' dir='ltr'>ex</span> <span class='ocrx_word' id='word_1_206' title='bbox 729 2434 886 2481; x_wconf 87' lang='lat' dir='ltr'>edicto</span> <span class='ocrx_word' id='word_1_207' title='bbox 916 2433 1085 2497; x_wconf 87' lang='lat' dir='ltr'>regali,</span> <span class='ocrx_word' id='word_1_208' title='bbox 1115 2433 1311 2478; x_wconf 86' lang='lat' dir='ltr'>minime</span> <span class='ocrx_word' id='word_1_209' title='bbox 1340 2449 1365 2477; x_wconf 88' lang='lat' dir='ltr'>a</span> <span class='ocrx_word' id='word_1_210' title='bbox 1391 2432 1615 2478; x_wconf 88' lang='lat' dir='ltr'>militibus</span> <span class='ocrx_word' id='word_1_211' title='bbox 1640 2436 1842 2478; x_wconf 83' lang='lat' dir='ltr'>Franco-</span> 
     </span>
     <span class='ocr_line' id='line_1_29' title="bbox 437 2509 1835 2577; baseline -0.003 -18"><span class='ocrx_word' id='word_1_212' title='bbox 437 2530 542 2558; x_wconf 89' lang='lat' dir='ltr'>rum</span> <span class='ocrx_word' id='word_1_213' title='bbox 556 2512 729 2577; x_wconf 85' lang='lat' dir='ltr'>captivi</span> <span class='ocrx_word' id='word_1_214' title='bbox 743 2511 1116 2569; x_wconf 86' lang='lat' dir='ltr'>abducebantur,</span> <span class='ocrx_word' id='word_1_215' title='bbox 1132 2520 1211 2556; x_wconf 86' lang='lat' dir='ltr'>aut</span> <span class='ocrx_word' id='word_1_216' title='bbox 1223 2510 1315 2556; x_wconf 87' lang='lat' dir='ltr'>suis</span> <span class='ocrx_word' id='word_1_217' title='bbox 1333 2510 1659 2574; x_wconf 85' lang='lat' dir='ltr'>spoliabantur</span> <span class='ocrx_word' id='word_1_218' title='bbox 1672 2509 1810 2555; x_wconf 87' lang='lat' dir='ltr'>bonis</span> <span class='ocrx_word' id='word_1_219' title='bbox 1825 2545 1835 2565; x_wconf 86' lang='lat'>,</span> 
     </span>
     <span class='ocr_line' id='line_1_30' title="bbox 441 2585 1837 2653; baseline -0.004 -18"><span class='ocrx_word' id='word_1_220' title='bbox 441 2606 608 2651; x_wconf 85' lang='lat' dir='ltr'>magna</span> <span class='ocrx_word' id='word_1_221' title='bbox 642 2605 751 2653; x_wconf 87' lang='lat' dir='ltr'>pars</span> <span class='ocrx_word' id='word_1_222' title='bbox 787 2599 932 2635; x_wconf 89' lang='lat' dir='ltr'>noctu</span> <span class='ocrx_word' id='word_1_223' title='bbox 971 2605 1054 2652; x_wconf 86' lang='lat' dir='ltr'>per</span> <span class='ocrx_word' id='word_1_224' title='bbox 1092 2588 1264 2633; x_wconf 86' lang='lat' dir='ltr'>moenia</span> <span class='ocrx_word' id='word_1_225' title='bbox 1301 2603 1351 2633; x_wconf 90' lang='lat' dir='ltr'>se</span> <span class='ocrx_word' id='word_1_226' title='bbox 1387 2587 1655 2645; x_wconf 85' lang='lat' dir='ltr'>dimiserat,</span> <span class='ocrx_word' id='word_1_227' title='bbox 1702 2596 1746 2632; x_wconf 90' lang='lat' dir='ltr'>et</span> <span class='ocrx_word' id='word_1_228' title='bbox 1783 2585 1837 2630; x_wconf 88' lang='lat' dir='ltr'>ad</span> 
     </span>
    </p>
   </div>
   <div class='ocr_carea' id='block_1_3' title="bbox 442 2762 1825 2873">
    <p class='ocr_par' dir='ltr' id='par_1_4' title="bbox 442 2762 1825 2873">
     <span class='ocr_line' id='line_1_31' title="bbox 496 2762 1825 2808; baseline -0.009 -1"><span class='ocrx_word' id='word_1_229' title='bbox 496 2774 533 2808; x_wconf 86' lang='lat'>1.</span> <span class='ocrx_word' id='word_1_230' title='bbox 564 2773 616 2807; x_wconf 94' lang='lat' dir='ltr'>Le</span> <span class='ocrx_word' id='word_1_231' title='bbox 643 2777 742 2806; x_wconf 81' lang='lat' dir='ltr'>texte</span> <span class='ocrx_word' id='word_1_232' title='bbox 764 2768 814 2804; x_wconf 86' lang='lat' dir='ltr'>du</span> <span class='ocrx_word' id='word_1_233' title='bbox 838 2768 946 2804; x_wconf 71' lang='lat' dir='ltr'>traite</span> <span class='ocrx_word' id='word_1_234' title='bbox 970 2775 1025 2804; x_wconf 83' lang='lat' dir='ltr'>est</span> <span class='ocrx_word' id='word_1_235' title='bbox 1054 2767 1147 2803; x_wconf 87' lang='lat' dir='ltr'>dans</span> <span class='ocrx_word' id='word_1_236' title='bbox 1173 2766 1208 2802; x_wconf 93' lang='lat' dir='ltr'>le</span> <span class='ocrx_word' id='word_1_237' title='bbox 1234 2768 1387 2800; x_wconf 73' lang='lat' dir='ltr'>Recaeil</span> <span class='ocrx_word' id='word_1_238' title='bbox 1412 2766 1477 2799; x_wconf 80' lang='lat' dir='ltr'>des</span> <span class='ocrx_word' id='word_1_239' title='bbox 1511 2765 1758 2798; x_wconf 62' lang='lat' dir='ltr'>orslosmanws</span> <span class='ocrx_word' id='word_1_240' title='bbox 1780 2762 1825 2795; x_wconf 57' lang='lat' dir='ltr'>dn</span> 
     </span>
     <span class='ocr_line' id='line_1_32' title="bbox 442 2821 1707 2873; baseline -0.009 -6"><span class='ocrx_word' id='word_1_241' title='bbox 442 2835 516 2867; x_wconf 81' lang='lat' dir='ltr'>rois</span> <span class='ocrx_word' id='word_1_242' title='bbox 535 2832 581 2865; x_wconf 72' lang='lat' dir='ltr'>cle</span> <span class='ocrx_word' id='word_1_243' title='bbox 601 2830 743 2864; x_wconf 58' lang='lat' dir='ltr'>Fraus-e</span> <span class='ocrx_word' id='word_1_244' title='bbox 758 2854 768 2871; x_wconf 91' lang='lat'>,</span> <span class='ocrx_word' id='word_1_245' title='bbox 793 2834 819 2862; x_wconf 85' lang='lat' dir='ltr'>t.</span> <span class='ocrx_word' id='word_1_246' title='bbox 845 2827 949 2872; x_wconf 89' lang='lat' dir='ltr'>XIV,</span> <span class='ocrx_word' id='word_1_247' title='bbox 970 2838 1010 2873; x_wconf 84' lang='lat' dir='ltr'>p.</span> <span class='ocrx_word' id='word_1_248' title='bbox 1032 2826 1094 2860; x_wconf 75' lang='lat'>59.</span> <span class='ocrx_word' id='word_1_249' title='bbox 1117 2824 1147 2859; x_wconf 91' lang='lat' dir='ltr'>Il</span> <span class='ocrx_word' id='word_1_250' title='bbox 1168 2830 1223 2859; x_wconf 78' lang='lat' dir='ltr'>cst</span> <span class='ocrx_word' id='word_1_251' title='bbox 1243 2822 1328 2859; x_wconf 82' lang='lat' dir='ltr'>date&#39;</span> <span class='ocrx_word' id='word_1_252' title='bbox 1349 2821 1399 2858; x_wconf 91' lang='lat' dir='ltr'>du</span> <span class='ocrx_word' id='word_1_253' title='bbox 1420 2823 1468 2857; x_wconf 79' lang='lat'>16</span> <span class='ocrx_word' id='word_1_254' title='bbox 1483 2822 1572 2857; x_wconf 75' lang='lat' dir='ltr'>aout</span> <span class='ocrx_word' id='word_1_255' title='bbox 1591 2822 1707 2856; x_wconf 69' lang='lat'><strong>1449.</strong></span> 
     </span>
    </p>
   </div>
  </div>
 </body>
</html>
