2037 3442
759 255 901 290 LIBER
932 255 1146 291 TERTIUS.
1577 253 1650 287 1:55

261 336 320 381 lia
351 337 589 399 equitum,
622 336 703 398 qui
729 352 862 397 agros
887 335 988 381 illos
1025 335 1306 381 vastissimos
1330 335 1646 390 Normmmiae,

261 432 407 478 usque
433 415 493 460 ad
526 416 681 477 viginti
708 414 885 472 leucas,
921 416 1148 460 continuo
1174 430 1546 478 quaquaversum
1581 414 1651 458 in-

259 493 529 552 cursabant,
562 505 607 540 et
631 495 789 540 omnia
811 495 1119 558 populabant.
1159 498 1220 539 Ex
1247 495 1440 557 captivis
1463 508 1652 556 quoque

258 587 476 632 agrorum
501 571 759 616 cultoribus
782 581 826 617 et
850 572 1043 630 Ueteris,
1071 570 1241 633 quibus
1274 587 1439 616 manus
1462 570 1651 632 injicere

258 650 544 710 potuissent,
575 658 729 693 totum
753 648 867 693 illud
893 664 1029 693 suum
1053 648 1283 710 oppidum
1307 646 1581 709 implebant.

326 731 467 773 Porro
500 727 611 772 (lum
648 727 752 772 talia
791 745 812 772 3
848 728 1030 772 Francis
1064 744 1146 790 per
1186 743 1319 787 agros
1358 726 1652 770 lxm-manni&

258 805 590 862 factitarentur,
616 804 833 850 manebat
854 806 1027 849 interea
1051 803 1161 848 urbs
1184 802 1463 848 Parisiorum
1486 802 1531 846 in
1556 818 1652 847 ma-

257 883 356 943 gnis
380 882 623 942 angustiis,
655 891 726 937 ut,
761 897 856 943 quo
885 897 932 925 se
970 880 1227 937 divertens⁷
1254 878 1313 925 ab
1336 878 1390 922 iis
1416 888 1572 941 posset
1604 896 1652 924 se

257 959 457 1003 eximere
481 959 667 1021 penitus
696 959 943 1020 ignoraret.
973 957 1163 1002 Carolus
1190 957 1339 1012 enim,
1364 958 1649 1001 Francorum

255 1052 334 1080 rex
347 1073 357 1093 ‚
386 1046 636 1097 postquam
655 1035 714 1081 ab
736 1034 986 1097 Anglorum
1004 1050 1147 1079 manu
1165 1034 1310 1095 ipsam
1329 1041 1645 1095 recuperarat,

255 1129 358 1158 eam
403 1112 545 1156 semel
589 1121 769 1158 tantum
807 1128 903 1156 non
945 1111 1169 1173 amplius,
1206 1119 1250 1155 et
1280 1125 1367 1154 nec
1412 1108 1500 1153 nisi
1531 1125 1647 1171 pau—

254 1208 420 1236 corum
455 1191 638 1237 dierum
667 1192 840 1254 spatio,
874 1189 1118 1236 visitavit¹.
1145 1188 1280 1234 Unde
1302 1189 1529 1251 languens
1554 1198 1646 1235 tota

253 1277 299 1312 et
317 1269 559 1328 exsanguis
578 1269 907 1330 confectaque,
932 1266 1108 1329 absque
1132 1265 1220 1310 ulla
1243 1283 1373 1329 paene
1391 1266 1649 1329 respirandi

253 1360 333 1406 spe
371 1344 598 1405 praestita,
630 1344 842 1406 jacebat,
879 1343 967 1388 nisi
1001 1343 1232 1388 Dominus
1267 1360 1323 1388 ex
1354 1341 1447 1388 alto
1481 1351 1649 1388 cuncta

253 1421 570 1483 prospiciens,
599 1421 786 1482 adjutor
826 1436 1009 1483 semper
1045 1420 1089 1464 in
1127 1419 1556 1483 opportunitatibus
1600 1420 1646 1465 in

255 1497 585 1557 tribulatione,
619 1498 772 1544 Caroli
802 1498 920 1559 regis
961 1497 1198 1556 animum,
1231 1497 1354 1543 velut
1386 1498 1528 1559 longo
1570 1514 1648 1543 so·-

255 1593 369 1639 pore
393 1586 657 1639 torpentem
683 1593 736 1622 ac
760 1576 1033 1635 remissum,
1055 1574 1110 1620 acl
1136 1574 1460 1620 subventionis
1485 1575 1645 1620 solatia

253 1653 406 1700 eidem
431 1655 534 1700 urbi
558 1654 816 1718 praestanda
842 1655 1097 1700 excitasset.

712 1838 1046 1881 CAPITULUM
1085 1837 1182 1880 ΧΠ.

279 1955 490 1989 Insurrectio
509 1955 679 1990 Ludovici
695 1983 703 1997 ‚
720 1957 883 2002 Delphini
901 1957 1120 2000 Viennensis,
1138 1956 1300 1990 adversus
1316 1968 1433 2002 regem
1445 1957 1623 1997 Carolmn,

816 2024 946 2060 patrem
963 2028 1073 2050 suum.

316 2116 531 2162 Habebat
554 2116 703 2162 fllium
731 2128 842 2162 tunc
866 2118 1085 2176 unicum,
1110 2118 1401 2164 Ludovicum
1422 2118 1615 2164 nomine
1635 2156 1645 2177 7

252 2196 298 2241 in
313 2213 408 2258 quo
427 2214 530 2260 spes
551 2206 646 2243 tota
668 2207 779 2242 tunc
797 2199 976 2259 generis
996 2198 1288 2262 propagandi
1304 2199 1528 2261 regnique
1544 2215 1646 2243 suc-

251 2277 474 2322 cessionis
498 2276 717 2323 manebat
734 2296 743 2334 3
767 2278 867 2336 cui,
889 2295 995 2323 cum
1013 2279 1195 2324 circiter
1212 2279 1450 2324 decimum
1469 2288 1649 2324 sextum

252 2353 393 2399 aetatis
431 2369 611 2398 annum
643 2364 825 2416 ageret,
856 2365 900 2400 et.
924 2366 1041 2401 esset
1064 2356 1253 2418 ingenio
1279 2356 1404 2414 acri,
1427 2355 1652 2417 regnandi

305 2498 341 2532 1.
374 2498 554 2533 L'autenr
576 2504 664 2532 veut
684 2497 809 2547 parler
828 2496 878 2533 du
900 2497 1024 2544 sejour
1044 2511 1117 2548 que
1146 2498 1180 2535 le
1201 2498 1256 2535 roi
1278 2499 1316 2535 fit
1339 2500 1358 2535 3
1385 2499 1489 2535 Paris
1512 2498 1587 2535 lors
1607 2499 1653 2536 de

250 2566 292 2590 sa
310 2554 469 2603 joyeuse
488 2555 618 2592 entree
633 2568 679 2592 en
697 2558 812 2592 1437.
839 2557 1059 2607 Cependant
1077 2559 1101 2594 il
1115 2565 1171 2595 est
1192 2558 1334 2595 certain
1362 2557 1453 2607 qu'il
1476 2565 1654 2595 retourna

255 2626 391 2650 encore
413 2613 506 2650 dans
526 2622 621 2651 cette
652 2614 741 2651 ville
764 2617 874 2665 apres
898 2616 932 2652 la
960 2616 1150 2653 reddition
1179 2616 1225 2653 de
1250 2617 1425 2653 Pontoise
1457 2629 1502 2653 en
1536 2619 1650 2654 1441.

250 2673 341 2709 Voir
367 2673 402 2709 la
421 2674 629 2721 Clzronique
649 2675 695 2709 de
709 2677 846 2721 Rern,
872 2675 964 2712 dans
983 2676 1194 2725 Godesroy,
1217 2690 1254 2726 p.
1278 2678 1370 2723 417,
1391 2685 1428 2713 et
1446 2677 1481 2714 le
1498 2680 1658 2714 Journal

250 2733 338 2767 d'un
361 2735 556 2782 Bourgeols
581 2735 627 2769 de
652 2736 773 2772 Paris,
