2037 3442
432 370 481 403 40
810 368 1146 403 HISTORIARUM
1176 368 1352 402 CAROLI
1380 369 1446 403 VII

495 452 550 491 Et
583 447 645 491 ita
683 463 803 509 saepe
833 447 954 491 inter
990 448 1291 491 Armeniacos
1329 447 1587 510 appellatos
1631 458 1674 493 et
1709 453 1822 494 Bur—

432 523 711 585 gundiones,
736 523 929 569 diversis
958 523 1004 567 in
1041 523 1154 568 locis
1179 534 1224 568 et
1254 525 1479 579 terminis,
1517 526 1645 571 vario
1676 536 1823 571 marte

431 608 658 645 certatum
696 608 790 655 est,
830 608 874 644 et
920 599 1163 661 utriusque
1201 601 1411 662 partibus
1454 602 1587 664 plura
1623 602 1820 665 oppida,

431 675 615 721 castella
640 684 682 720 et
707 674 823 720 villae
847 674 1037 738 direptae
1057 685 1102 720 et
1127 685 1328 722 vastatae.

885 882 1220 927 CAPITULUM
1255 884 1373 926 XVI.

431 1016 587 1058 Qualiter
604 1017 795 1061 Anglorum
816 1029 873 1048 rex
898 1015 1142 1050 obsidionibus
1167 1016 1346 1061 acquisivit
1361 1016 1498 1049 Meldos
1514 1025 1546 1050 et
1564 1017 1757 1051 Meldinum
1772 1032 1781 1059 ;
1799 1027 1829 1052 et

478 1074 521 1108 de
551 1075 776 1108 exstinctione
805 1074 902 1108 ducis
934 1076 1129 1118 Clarentiae,
1157 1085 1258 1121 atque
1284 1077 1381 1109 obitu
1406 1076 1545 1110 Henrici
1574 1078 1767 1123 Anglorum
1798 1087 1830 1112 et

480 1133 596 1166 Caroli
612 1134 663 1166 VI
680 1133 909 1175 Francorum,
928 1147 1060 1179 regum.

501 1255 755 1316 Anglorum
787 1272 899 1301 vero
926 1259 1047 1315 res,
1086 1267 1134 1302 ut
1159 1257 1218 1302 ad
1242 1267 1451 1303 nostram
1469 1292 1481 1313 ‚
1510 1258 1634 1304 unde
1666 1259 1831 1322 paulu-

435 1331 532 1375 lum
565 1330 757 1392 digressi
783 1349 968 1389 sumus,
994 1333 1302 1397 principalem
1326 1334 1644 1380 narrationem
1671 1335 1831 1381 redea-

437 1423 557 1465 mus,
579 1423 689 1452 cum
709 1409 805 1468 jam
828 1410 1112 1454 Parisiorum
1137 1409 1302 1456 urbem
1327 1420 1371 1455 et
1393 1410 1505 1456 alias
1523 1413 1832 1474 praenomina-

438 1491 521 1539 tas,
548 1482 682 1528 titulo
706 1483 903 1529 haeredis
926 1494 970 1529 et
988 1485 1377 1531 administratoris
1391 1488 1537 1549 regni,
1555 1488 1827 1550 possideret,

440 1576 605 1622 magna
621 1559 745 1624 [ope]
759 1561 816 1606 ad
829 1571 1016 1607 caeteras
1030 1561 1311 1624 subigendas
1323 1572 1367 1608 et
1377 1580 1469 1609 suae
1482 1563 1749 1610 subdendas
1762 1565 1832 1610 di-

439 1638 554 1682 tioni
579 1637 815 1700 satagebat
840 1639 1047 1684 civitates
1073 1649 1212 1700 atque
1237 1640 1439 1703 oppida,
1463 1657 1565 1702 quae
1586 1640 1828 1703 delphino,

441 1722 490 1757 ut
509 1714 834 1775 praemisimus,
855 1715 1150 1761 exhaeredato
1172 1716 1414 1778 parebant.
1446 1716 1580 1761 Unde
1600 1717 1833 1762 civitatem

440 1789 725 1834 Meldensem
762 1800 805 1835 et
830 1791 1085 1836 Meldinum
1110 1791 1339 1854 oppidum
1356 1794 1383 1849 ²,
1420 1802 1464 1837 et
1494 1792 1723 1837 nonnulla
1747 1794 1833 1839 alia

437 1865 559 1922 loca,
587 1867 838 1911 contractis
861 1866 1249 1928 Burgundionum
1273 1868 1466 1926 auxiliis,
1494 1868 1643 1931 longis
1668 1879 1712 1914 et
1737 1870 1833 1915 dif-

441 1941 639 1987 ficilibus
669 1941 997 1987 obsidionibus
1030 1943 1089 1988 ad
1115 1943 1404 1990 deditionem
1431 1946 1659 2009 compulit
1682 1955 1726 1991 et
1749 1963 1833 1991 suo

442 2018 611 2079 adjecit
634 2018 853 2080 imperio.

509 2095 631 2140 Alter
647 2110 760 2140 vero
779 2112 833 2140 ex
850 2096 944 2140 suis
967 2097 1198 2156 germanis
1221 2097 1440 2152 Thomas,
1465 2098 1705 2143 Clarentiae
1721 2098 1832 2155 dux,

441 2189 549 2217 cum
589 2172 768 2233 magnis
816 2173 1069 2234 Anglorum
1117 2174 1263 2236 copiis
1309 2183 1460 2236 partes
1506 2175 1837 2220 Cenomanniae

442 2257 581 2310 atque
606 2248 882 2310 Andegaviae
905 2265 1167 2312 aggressus,
1195 2259 1240 2293 et
1270 2250 1500 2295 incautius
1525 2267 1574 2295 se
1600 2267 1784 2313 gerens,
1813 2267 1838 2294 a

443 2340 614 2386 magno
637 2328 923 2370 Francorum
950 2336 994 2371 et
1018 2329 1266 2370 Scotorum
1289 2326 1474 2387 agmine
1491 2337 1725 2390 exceptus,
1750 2327 1839 2371 illic

443 2417 552 2445 cum
576 2417 659 2446 sua
680 2411 818 2463 gente
842 2401 968 2464 apud
988 2401 1269 2462 ssaugiacum
1291 2402 1541 2448 exstinctus
1563 2404 1668 2448 est³.
1699 2403 1839 2464 Cujus

444 2477 575 2522 clade
602 2487 867 2541 comperta⁷
901 2478 1071 2523 dixisse
1101 2478 1245 2523 fertur
1270 2478 1525 2541 Anglorum
1560 2497 1662 2538 rex,
1704 2480 1840 2524 frater

444 2570 577 2612 suus,
616 2554 745 2617 quod
789 2555 825 2600 si
861 2556 992 2600 vivus
1025 2556 1267 2611 evasisset,
1298 2572 1404 2601 eum
1433 2557 1595 2602 mortis
1619 2556 1842 2602 affecisset

499 2698 535 2732 1.
569 2697 687 2733 Henri
706 2699 749 2736 V,

496 2757 532 2791 2.
566 2757 701 2791 Meaux
722 2765 758 2792 et
776 2757 916 2793 Melun.

498 2816 534 2851 3.
567 2813 721 2850 Bataille
743 2813 788 2850 de
811 2816 937 2864 Bauge
959 2828 1005 2851 en
1027 2814 1165 2861 Anjou,
1190 2818 1238 2852 23
1259 2829 1356 2852 mars
1383 2819 1495 2852 1421.
