2037 3442
669 310 811 345 LIBER
839 309 1064 354 QUINTUS.
1163 283 1166 287 ’
1489 307 1564 342 253

176 394 329 455 pontis
354 391 702 436 Londoniarum
722 392 972 447 venientes,
996 390 1059 434 ibi
1078 389 1347 434 conflictum
1370 405 1477 433 cum
1502 389 1567 433 ci-

177 486 193 511 x
209 469 307 513 ibus
326 469 431 513 satis
448 467 666 513 acerbum
689 466 952 511 babuerunt
967 470 993 518 ¹,
1014 467 1056 509 in
1077 482 1170 527 quo
1191 476 1458 527 peremptus
1485 464 1568 509 fuit

180 545 414 589 Matthaeus
449 549 514 589 Gt)
534 581 543 595 ,
579 545 659 605 qui
688 543 884 588 civitatis
915 543 1174 587 Baiocensis
1208 542 1252 586 in
1285 541 1568 586 Nornlannia

176 630 219 664 et
242 621 446 681 plurium
471 630 756 664 armatorum
783 619 1051 680 capitaneus
1075 619 1322 672 exstiterat,
1347 617 1570 679 quemad-

179 696 371 740 modum
391 698 434 741 in
457 696 827 758 pra‘cedentibus
843 711 868 738 a
893 693 1028 738 nobis
1046 694 1222 737 dictum
1242 694 1340 738 fuit.
1364 693 1568 738 Tandem

178 787 287 815 vero
315 773 499 833 populis
526 771 609 815 illis
641 788 666 815 a
702 769 879 815 civibus
915 768 1261 812 Londoniarum
1289 768 1498 827 ingressu
1522 769 1568 812 in

180 847 340 891 urbem
375 848 564 909 pacilice
604 848 852 909 permisso,
880 845 1108 906 quosdam
1144 844 1224 905 qui
1260 845 1486 906 primores
1522 845 1566 888 in

182 924 298 983 regis
322 923 490 985 palatio
517 923 711 976 fuerant,
730 922 857 982 quasi
886 920 1162 984 proditionis
1182 935 1303 976 reos,
1326 920 1463 963 eliam
1485 920 1570 981 ipsi

178 998 362 1060 publice
382 999 531 1060 capite
555 1006 844 1042 truncarunt.
875 1002 980 1052 Quo
1004 996 1068 1039 sic
1093 1005 1297 1056 peracto,
1325 995 1455 1056 quasi
1481 995 1571 1039 suf.

178 1073 384 1118 sicienter
409 1075 452 1117 in
481 1073 755 1135 proditionis
790 1082 1003 1117 auctores
1037 1087 1123 1133 pro
1151 1087 1205 1116 ea
1230 1071 1329 1115 vice
1357 1070 1435 1115 ulti
1463 1070 1572 1115 fuis-

178 1162 301 1204 sent,
331 1149 545 1193 abierunt
570 1149 887 1209 unusquisque
912 1147 971 1193 ad
994 1146 1199 1210 propria.

646 1324 981 1368 CAPI'l'ULUM
1016 1325 1092 1366 lll.

291 1449 445 1490 Qualiter
458 1463 518 1495 per
533 1450 654 1483 (lucem
670 1449 816 1482 Eboraci
831 1449 1030 1481 interfectus
1048 1448 1111 1481 fuit
1131 1447 1203 1481 dux
1222 1448 1456 1481 Summerseti.

241 1565 333 1607 Nec
362 1579 472 1607 vero
506 1573 697 1626 propter
728 1563 820 1607 hoc
845 1563 965 1607 inter
994 1563 1228 1625 principes
1258 1562 1572 1607 dissensiones

178 1648 222 1683 et
240 1638 496 1683 simultates
517 1641 749 1683 exstinctae
769 1648 891 1696 sunt,
914 1638 994 1683 sed
1018 1639 1063 1682 in
1089 1638 1163 1683 die
1187 1638 1331 1699 magis
1356 1654 1409 1683 ac
1429 1638 1573 1699 magis

178 1715 547 1771 invalescebant,
584 1716 816 1778 praecipue
844 1715 963 1759 inter
993 1714 1162 1759 ducem
1186 1713 1385 1758 Eboraci
1416 1723 1461 1758 et
1488 1713 1574 1758 du-

178 1808 279 1836 cem
317 1791 646 1846 Summerseti,
685 1791 765 1852 qui
802 1790 1088 1834 Normannia
1124 1789 1283 1852 pulsus
1320 1789 1493 1841 fuerat,
1529 1798 1574 1833 et

182 1868 417 1929 utriusque
442 1868 643 1929 partium
667 1866 918 1911 studiosos.
946 1865 1164 1910 Manebat
1187 1865 1312 1910 enim
1332 1863 1437 1909 duci
1457 1863 1576 1909 Ebo-

180 1944 272 1990 raci
306 1943 394 1988 alta
426 1953 579 1988 mente
615 1953 883 2005 repostum,
919 1942 1049 2004 quod
1078 1941 1163 1986 sibi
1195 1942 1291 2004 ipse
1323 1941 1416 1985 dux
1443 1942 1575 1985 Sum·

181 2014 364 2065 merseti
391 2020 643 2081 regentiam
676 2019 972 2064 Normanniae
1000 2018 1338 2081 praeripuisset‚
1373 2027 1418 2062 et
1449 2018 1576 2063 velut

179 2094 535 2157 quodammodo
556 2110 580 2138 e
602 2093 816 2139 manibus
842 2094 1110 2139 excussisset
1133 2130 1143 2150 ,
1170 2110 1278 2138 cum
1301 2092 1360 2137 ad
1384 2109 1487 2138 eam
1511 2109 1575 2137 re-

181 2171 379 2232 gendam
413 2170 570 2215 suisset
594 2186 647 2214 ex
681 2169 867 2214 decreto
894 2170 1171 2232 parlamenti
1199 2169 1435 2230 Anglicani
1464 2169 1574 2213 des·-

180 2248 367 2292 tinatus.
414 2245 503 2291 Sed
538 2255 579 2290 et
616 2245 754 2290 altius
789 2245 965 2307 aliquid
998 2255 1042 2290 et
1078 2246 1214 2306 longe
1255 2244 1404 2306 majus
1434 2245 1575 2307 ipsius

181 2323 312 2368 ducis
345 2322 542 2367 Eboraci
573 2322 730 2366 animo
756 2320 951 2365 infixum
983 2331 1097 2366 erat.
1127 2324 1242 2366 Nam
1267 2320 1325 2365 ad
1350 2336 1574 2365 coronam

181 2409 225 2444 et
257 2398 473 2444 diadema
513 2397 641 2459 regni
679 2396 953 2453 anhelabat,
990 2397 1117 2459 quod
1164 2412 1249 2441 suo
1287 2397 1574 2458 progenitori

185 2475 415 2520 Ricliardo
454 2475 639 2535 suisque
673 2482 716 2518 et
747 2473 834 2518 sibi
869 2474 1026 2535 inique
1065 2473 1302 2519 sublatum
1327 2474 1463 2519 fuisse
1489 2491 1575 2537 pu—

183 2551 306 2597 tabat
332 2568 413 2614 per
444 2552 719 2606 Henricuni,
747 2549 915 2594 ducem
949 2550 1249 2607 Lencastriae,
1284 2551 1363 2612 qui
1396 2551 1574 2595 dictum

186 2627 469 2673 Ricliardum
501 2643 655 2688 regem
691 2626 968 2671 exstinxerat
1001 2635 1142 2688 atque
1174 2636 1449 2688 peremerat.
1493 2629 1575 2672 Pa-

236 2760 272 2795 2.
307 2760 328 2794 6
344 2756 468 2804 juillet
487 2758 603 2794 1450.
