2037 3442
469 253 543 288 208
847 252 1186 288 HISTORIARUM
1216 252 1395 288 CAROLI
1431 254 1499 288 VII

467 332 653 389 dentes,
679 347 766 376 nec
789 331 879 377 sibi
912 341 1023 376 tunc
1053 347 1164 376 cum
1194 346 1251 376 eo
1274 331 1499 392 congredi
1527 342 1679 379 tutum
1704 337 1870 383 existi-

466 417 672 465 mantes,
696 424 804 452 cum
827 417 1101 470 properaret
1122 422 1315 470 vespera
1332 443 1343 465 ,
1366 406 1457 452 alio
1481 407 1788 471 diverterunt,
1826 424 1870 460 et

466 487 638 549 Anglos
659 486 789 532 abire
813 486 1162 548 Rothomagum
1185 486 1525 549 permiserunt.

530 567 650 610 Cum
689 580 801 609 vero
835 563 1036 609 obsessis
1078 563 1172 624 jam
1208 579 1486 608 succursum
1523 564 1731 611 habendi
1766 584 1871 631 spes

464 640 708 698 deficeret,
735 650 781 686 et
803 640 1047 685 tormentis
1070 649 1209 701 atque
1232 639 1478 703 petrariis,
1507 657 1757 705 rerumque
1788 661 1870 691 ne-

463 717 770 764 cessariarum
792 716 989 781 penuria
1014 726 1319 778 urgerentur⁷
1353 716 1470 761 arcis
1493 716 1541 762 in
1565 733 1658 779 qua
1684 719 1868 767 obside-

463 794 639 841 bantur
662 793 952 839 deditionem
986 792 1241 851 fecerunt¹‚
1271 793 1429 854 sicque
1458 807 1484 837 a
1503 794 1687 840 Francis
1716 805 1869 842 totum

464 872 740 918 Vernolium
763 880 1006 934 receptum
1030 878 1113 915 est.
1143 868 1359 914 Obsessis
1387 869 1527 914 etiam
1553 870 1607 915 iis
1629 872 1711 932 qui
1735 874 1870 936 oppi-

464 953 579 999 dum
600 951 837 1013 Fngeriis,
866 950 925 996 de
946 967 1041 1014 quo
1064 949 1334 1007 retulimuS,
1358 950 1406 995 in
1429 950 1686 1007 Britannia,
1709 951 1867 1000 furtim

462 1030 762 1086 introierant,
790 1045 899 1074 cum
931 1027 1226 1074 defendendi
1253 1028 1375 1073 vires
1409 1044 1601 1092 spemve
1626 1045 1869 1078 succursus

461 1105 670 1152 habendi
692 1122 718 1152 a
752 1106 845 1151 suis
868 1105 1063 1150 minime
1086 1104 1317 1150 haberent
1334 1139 1346 1162 ‚
1373 1104 1585 1150 similiter
1611 1105 1752 1151 etiam
1782 1107 1869 1171 ipsi

465 1183 754 1229 deditionem
778 1182 1030 1229 fecerunt2.

531 1263 588 1305 Et
613 1261 709 1322 jam
745 1259 901 1323 palam
924 1269 970 1305 et
997 1259 1262 1318 manifeste,
1295 1260 1394 1305 sine
1429 1260 1588 1323 aliquo
1622 1260 1868 1309 velaminis

464 1335 818 1396 integumento,
842 1336 1132 1379 Francorum
1155 1350 1233 1379 rex
1253 1370 1263 1393 ,
1292 1334 1421 1396 prius
1446 1344 1628 1381 matura
1645 1335 1869 1382 delibera-

464 1410 592 1455 tione
614 1409 775 1456 habita
804 1426 943 1473 super
965 1409 1058 1455 hoc
1092 1426 1202 1455 cum
1232 1409 1391 1455 multis
1422 1411 1711 1474 principibus
1737 1413 1869 1474 regni

465 1483 537 1528 sui
569 1499 622 1528 ac
644 1483 806 1546 peritis
830 1482 976 1528 divini
1000 1492 1045 1527 et
1068 1482 1268 1528 humani
1291 1483 1431 1544 juris,
1460 1485 1507 1530 in
1534 1484 1692 1530 hostes
1715 1501 1825 1531 suos
1848 1520 1859 1542 ,

465 1569 690 1621 tanquam
725 1559 972 1605 violatores
1009 1570 1305 1620 treugarum,
1343 1561 1452 1605 totis
1483 1559 1661 1606 viribus
1691 1559 1867 1606 bellum

466 1654 623 1700 gerere
649 1637 871 1684 decrevit.

913 1791 1250 1836 CAPITULUM
1283 1792 1402 1835 XVI.

685 1909 842 1953 Qualiter
859 1910 986 1943 Franci
1001 1908 1364 1944 Pontem-Audomari
1381 1917 1636 1954 expugnarunt.

525 2008 712 2055 Talibus
747 2008 903 2071 itaque
928 2018 1154 2070 tanquam
1180 2006 1416 2069 praeludiis
1440 2006 1726 2068 quibusdam
1749 2023 1867 2070 prae-

463 2088 632 2134 habitis
649 2125 660 2146 ‚
688 2087 828 2133 nullis
845 2088 942 2150 jam
961 2085 1324 2151 prohibentibus
1346 2085 1544 2148 treugis,
1565 2102 1668 2148 quae
1686 2123 1697 2144 ‚
1718 2085 1864 2131 modo

461 2181 602 2228 quem
632 2164 874 2210 retulimus
892 2197 904 2219 ,
930 2162 1074 2208 finem
1098 2172 1376 2226 acceperant
1392 2164 1420 2220 3,
1444 2161 1603 2208 denuo
1628 2161 1687 2208 ad
1712 2172 1866 2208 certa-

461 2259 570 2288 men
592 2243 714 2288 inter
738 2243 941 2287 Francos
957 2251 1097 2304 atque
1117 2241 1332 2302 Anglicos
1356 2249 1634 2303 perventum
1659 2250 1742 2286 est.
1762 2243 1863 2285 Non

514 2375 551 2410 1.
584 2375 637 2409 Le
657 2373 706 2409 '⁴23
728 2371 818 2408 aout
837 2373 953 2407 1449.

512 2435 550 2470 ⁶2.
583 2434 632 2470 Ce
653 2439 944 2469 recouvrement
961 2434 1067 2468 n'eut
1084 2430 1162 2468 lieu
1180 2429 1269 2481 qu'a
1290 2430 1326 2467 la
1346 2431 1397 2467 fin
1418 2429 1465 2466 de
1489 2429 1639 2466 l'annee
1657 2432 1774 2474 1449,
1796 2442 1864 2480 par

458 2492 495 2528 la
511 2492 694 2544 diligence
713 2491 765 2528 du
779 2491 851 2528 duc
873 2491 919 2529 de
939 2494 1142 2541 Bretagne‚
1159 2490 1225 2540 qui
1245 2490 1315 2527 tint
1334 2489 1372 2527 la
1389 2489 1496 2540 place
1515 2488 1682 2540 assiegee
1697 2489 1864 2540 pendant

460 2548 560 2587 deux
581 2550 690 2588 mois.

514 2611 550 2645 3.
581 2610 741 2660 D’apres
775 2610 810 2646 le
839 2609 992 2646 dernier
1013 2608 1149 2646 accord
1178 2609 1286 2659 passe
1309 2618 1415 2646 entre
1438 2609 1492 2646 les
1521 2608 1621 2646 deux
1648 2620 1861 2659 gouverne-

459 2674 581 2703 ments
597 2696 608 2712 ,
636 2668 672 2703 la
702 2669 806 2705 treve
833 2668 961 2706 devait
993 2668 1145 2718 expirer
1166 2667 1201 2704 le
1225 2670 1278 2704 1⁸r
1298 2667 1382 2714 juin
1410 2669 1526 2705 1449.
1560 2670 1743 2712 (Τὴαντῐεν,
1769 2665 1859 2703 dans

459 2724 668 2773 Godefroy,
691 2738 730 2775 p.
755 2728 844 2764 128.
