2037 3442
687 278 733 312 LI
741 280 763 312 B
771 278 829 311 En
857 278 1070 314 TERTIUS.
1510 282 1525 315 1
1541 282 1550 315 1
1563 282 1584 315 8

188 358 274 403 suh
299 358 555 421 Anglorum
576 359 754 405 ditione
777 375 958 422 semper
982 358 1293 418 incoluerant,
1317 360 1576 408 faciendam

189 445 232 480 et
255 435 611 480 exsaturandam
634 436 832 481 esuriem
859 444 1180 480 accurrerunt.

253 513 370 556 Cum
406 520 562 556 autem
602 512 747 575 patria
776 510 852 556 illa
883 511 1051 573 partim
1084 510 1142 556 ab
1178 510 1381 572 Anglicis
1415 514 1584 575 partim

188 585 247 630 ab
264 586 373 649 ipsis
389 588 574 632 Francis
591 595 851 643 vexaretur,
876 597 920 632 et
940 587 1000 633 ab
1020 588 1225 649 utrisque
1246 604 1466 648 agrorum
1487 589 1583 635 cul-

189 672 312 707 tores
346 663 416 708 vel
444 663 582 707 bonis
614 664 942 726 spoliarentur,
980 663 1052 708 vel
1091 664 1229 708 etiam
1254 664 1301 707 in
1338 665 1585 726 captivita-

189 748 282 783 tem
301 739 662 797 abducerentur,
689 740 961 802 populoque
980 739 1043 783 illi
1065 738 1262 801 simplici
1280 748 1324 783 et
1343 740 1585 786 innocenti

188 816 546 878 persuaderetur
567 833 592 862 a
616 817 800 862 Francis
825 825 1078 877 quatenus,
1111 816 1147 860 si
1172 814 1309 860 rebus
1336 817 1428 860 suis
1454 833 1587 863 suam

188 892 305 936 tueri
326 892 588 938 libertatem
602 902 644 937 et
663 892 872 954 sibiipsis
891 908 1032 954 opem
1055 891 1171 936 ferre
1188 890 1396 948 vellent¹,
1413 908 1587 955 oppor-

190 977 353 1014 tunum
378 971 442 1014 eis
466 969 629 1014 afforet
654 979 837 1031 tempus
861 984 955 1029 quo
985 985 1082 1013 sese
1109 977 1154 1012 et
1175 968 1375 1030 patriam
1399 967 1458 1012 ab
1491 973 1585 1014 An-

188 1044 371 1104 glorum
408 1047 623 1090 scrx‘itute
657 1061 708 1090 ac
743 1044 988 1090 dominatu
1023 1059 1189 1088 exuere
1214 1053 1431 1105 possent,
1460 1055 1505 1091 et
1528 1046 1587 1092 ad

187 1121 396 1166 naturale
408 1122 523 1182 regis
539 1125 819 1167 Francorum
829 1120 1093 1165 dominium
1106 1120 1441 1182 antiquamque
1453 1121 1589 1167 liber-

187 1204 328 1240 tatem
356 1196 579 1241 reducere
596 1233 606 1252 ,
635 1195 902 1242 auctoribus
930 1194 1211 1257 quibusdam
1234 1205 1368 1241 terrae
1387 1197 1554 1243 accolis
1573 1236 1585 1257 ,

187 1286 389 1332 quorum
414 1274 671 1334 praecipuus
685 1272 900 1318 Caricarii
918 1288 1182 1332 cognomen
1196 1272 1402 1318 habebat
1426 1273 1586 1335 (vulgo

190 1349 478 1414 chancy-61³2)
499 1389 508 1408 ,
529 1362 679 1397 totum
700 1351 929 1414 populum
950 1361 1081 1396 terrae
1101 1351 1322 1398 adversus
1340 1353 1582 1415 Anglicos,

186 1442 305 1488 quos
331 1429 462 1488 quasi
499 1429 767 1474 naturaliter
803 1444 966 1473 exosos
992 1427 1253 1485 habebant,
1284 1429 1522 1491 insurgere
1546 1441 1591 1476 et

185 1519 313 1548 arma
331 1513 513 1550 vertere
531 1506 755 1550 fecerunt.
778 1505 869 1560 Qui
894 1503 1012 1549 infra
1031 1521 1208 1567 paucos
1231 1505 1329 1550 dies
1353 1523 1408 1551 ex
1433 1509 1586 1552 omni-

183 1579 271 1624 bus
293 1581 451 1643 patriae
470 1582 588 1627 villis
610 1592 655 1628 et
668 1583 797 1638 vicis,
819 1582 940 1627 circa
962 1582 1076 1626 festa
1101 1581 1348 1628 dominicae
1371 1585 1583 1631 nativita-

186 1657 264 1714 tis,
295 1657 343 1701 in
376 1674 524 1702 unum
544 1658 754 1712 collecti,
783 1675 890 1702 cum
913 1658 1068 1719 aliqua
1092 1673 1237 1703 manu
1256 1659 1427 1704 militiae
1452 1661 1586 1721 regite

184 1733 432 1780 tendentes
473 1735 533 1780 ad
580 1734 810 1798 oppidum
845 1734 903 1779 de
947 1734 1143 1795 Harefla
1191 1736 1580 1793 munitissimum,

184 1811 231 1856 in
265 1828 361 1873 quo
400 1813 537 1874 pauci
571 1811 692 1874 [qui]
723 1821 888 1874 practer
927 1811 1098 1873 Anglos
1137 1810 1402 1857 habitarent
1452 1825 1583 1860 erant

184 1888 426 1950 permissi,
470 1889 623 1951 ipsum
662 1889 836 1951 impetu
894 1887 1203 1933 multitudinis
1263 1901 1582 1952 expugnatum

184 1975 463 2028 receperunt
483 2001 493 2021 ,
522 1966 647 2011 caesis
675 1965 897 2027 Anglicis,
921 1974 965 2010 et
987 1966 1080 2027 regi
1104 1969 1389 2012 Francorum
1416 1968 1582 2015 ditioni

187 2042 507 2087 reddiderunt.
539 2042 680 2097 Quod
707 2052 749 2086 et
776 2041 987 2086 similiter
1018 2042 1076 2086 de
1097 2042 1275 2105 oppido
1297 2045 1584 2091 Monasterii-

185 2117 368 2163 villaris
390 2119 402 2140 ³
443 2127 488 2162 et
523 2117 581 2162 de
615 2117 829 2181 pluribus
862 2116 1056 2163 castellis
1097 2126 1142 2162 et
1180 2117 1386 2163 turribus
1424 2122 1584 2182 patria*

139 2191 142 2194 ¹
186 2198 394 2244 fecerunt
416 2236 427 2258 ,
454 2215 556 2261 quae
582 2215 629 2244 se
655 2208 780 2257 tum,
811 2199 965 2261 potius
995 2215 1136 2261 quam
1163 2202 1419 2262 expugnari
1441 2204 1585 2248 susti-

186 2285 376 2333 nerent,
404 2275 646 2320 voluntate
670 2275 743 2320 vel
770 2275 1084 2338 periculorum
1110 2275 1358 2322 formidine
1381 2277 1583 2325 dedide-

185 2362 311 2397 runt.

249 2429 546 2474 AEstimantes
569 2439 727 2474 autem
749 2429 914 2476 cadem
934 2430 1151 2477 facilitate
1170 2446 1218 2475 se
1238 2440 1283 2475 et
1300 2432 1390 2478 alia
1409 2433 1584 2496 oppida

237 2577 273 2610 ’1.
304 2573 423 2610 Rebus
444 2578 521 2610 suis
541 2574 687 2611 devrait
707 2576 786 2612 etre
806 2575 909 2626 place
926 2575 1049 2626 plutot
1069 2575 1161 2612 dans
1181 2589 1223 2614 ce
1243 2576 1393 2616 dernier
1412 2579 1581 2619 membre

183 2634 229 2671 dc
250 2634 387 2685 phrase
404 2666 412 2682 ‚
432 2634 467 2671 le
484 2635 562 2670 seul
584 2635 720 2684 auquel
742 2635 766 2671 il
787 2648 825 2672 sc
850 2642 1039 2685 rapporte.

236 2695 273 2730 2.
311 2711 326 2725 n
346 2695 398 2730 Le
418 2692 618 2739 Queruier‚
640 2709 659 2726 n
681 2693 773 2730 dans
793 2694 827 2730 la
850 2695 1053 2741 Clerom'que
1072 2695 1118 2729 (le
1140 2697 1271 2741 Bet-ry.

238 2754 274 2789 3.
308 2751 584 2789 Montivilliers.

287 2824 300 2846 1
1350 2814 1372 2849 8
